2959 4875
515 356 637 409 sonan
658 356 810 410 rnorca.
1181 344 1225 411 ⁷1

132 517 342 595 pauperent
371 498 515 593 Begeio,
539 512 685 577 'licicon
715 512 771 577 td.
799 509 936 577 Hector.
978 510 1120 577 Scilicet
1141 468 1243 597 quis*

136 612 265 677 llcctor
291 612 452 696 depictus
471 612 600 691 sedens,
628 613 720 697 apud
736 612 957 690 Pausaniam,
970 611 1007 677 in
1027 610 1167 679 Phocic.
1188 620 1224 679 et
1335 614 1340 619 ”

133 718 273 797 utraque
288 731 389 776 manu
404 712 527 777 levum
541 732 628 803 genn
642 731 797 796 premens
811 731 822 777 ι
842 710 930 777 tristi
944 711 1121 777 admodum
1134 712 1223 779 iacis

134 819 170 877 et
179 812 312 893 lugubri
325 811 456 877 habitu.
499 811 551 879 Sit
565 813 639 891 tibi,
651 812 837 878 Pausaniae
851 812 1062 891 auctoritate,
1078 812 1222 893 Hector,

135 912 270 995 Begcre,
284 918 423 995 propter
444 930 556 977 arcum
572 920 607 977 et
631 912 819 995 pharetram
830 910 1006 998 (Herculis
1021 914 1101 979 olim
1114 911 1224 998 mma)

135 1011 215 1075 milri
229 1020 321 1077 corte
334 1011 561 1077 Philoctetesc
582 1030 682 1096 quern
704 1032 843 1096 qnoque
866 1011 987 1079 eadem
1004 1013 1094 1080 fecie
1115 1032 1223 1098 nuper
1332 1100 1335 1107 Ι

135 1112 344 1193 exhibebam
360 1113 490 1179 Pictor.
503 1114 665 1197 [equom.
679 1112 733 1179 28.
747 1113 833 1178 Teb.

352 1426 622 1505 TABULA
673 1426 996 1508 SECUNDA.

508 1684 595 1751 Vll.
640 1682 852 1755 EUROPA.

537 1850 616 1919 Lre.
632 1868 658 1916 ι.
680 1850 770 1919 Gne.
782 1854 818 1921 2.

180 2021 192 2051 ‘
206 2016 332 2086 Omnes
346 2039 394 2086 ex
409 2020 534 2103 origine
547 2020 708 2105 Europae,
724 2040 801 2104 qnae
814 2022 851 2086 in
865 2039 908 2086 ca
921 2020 1031 2087 insula
1045 2038 1177 2087 summa

517 2122 674 2205 religione
688 2121 832 2188 colitur.⁸

176 2250 352 2332 Euenore,
373 2252 540 2336 Agenoris
560 2254 655 2339 Tyrii
670 2253 764 2331 tiliae,
778 2272 801 2318 a
813 2251 900 2318 Jove
912 2254 1019 2336 raptae
1035 2253 1118 2316 etin
1139 2250 1221 2317 cre·

135 2358 204 2415 tem
217 2352 361 2418 insulam
375 2354 513 2433 delatae,
525 2371 571 2418 ex
586 2352 689 2418 Ouid.
705 2370 746 2419 ιι.
761 2352 995 2417 Μοιιιιιι.“875.
1014 2358 1048 2416 et
1070 2369 1104 2416 v.
1126 2350 1220 2419 Fast.

131 2451 207 2517 605.
227 2471 357 2519 necnon
370 2455 525 2531 Horatio,
542 2470 595 2517 ιιι.
612 2450 678 2518 0d.
691 2453 747 2521 27.
761 2453 813 2518 ld
827 2453 1014 2519 notissima.

176 2553 265 2619 Haec
278 2562 388 2619 entem
401 2554 495 2618 secte
507 2552 740 2636 pulcherrima,
754 2558 936 2638 postquem
954 2551 1066 2635 puelle
1078 2550 1221 2634 Aureolo,

132 2651 231 2718 toris
253 2660 287 2718 ct
310 2653 455 2720 lunonis
478 2653 561 2730 lilia,
589 2653 792 2738 pigmentum
816 2651 911 2715 matri
932 2655 1118 2733 surreptum
1142 2652 1222 2718 huic

134 2750 324 2820 obtulisset.
367 2753 586 2832 scholiastes,
603 2754 648 2819 ad
661 2751 804 2818 'l’heocn
821 2768 862 2817 ιι.
873 2748 975 2836 Idyll.
988 2751 1042 2815 12.

174 2853 227 2922 Ee
242 2855 460 2939 pdstmodnm
474 2854 682 2920 Sidoniomm
697 2852 784 2933 dee;
805 2851 899 2916 cnltn
913 2851 1003 2916 illins
1017 2848 1174 2940 instituto
1187 2851 1224 2916 in

133 2957 291 3023 solatium
306 2953 481 3040 Agenoris,
494 2962 574 3040 post
584 2955 688 3020 filiam
701 2974 723 3018 a
738 2952 893 3020 Cretensi
905 2949 1048 3036 quodam
1063 2949 1222 3034 praedone

132 3067 273 3143 raptem.
311 3057 367 3123 lta
381 3056 561 3133 Lucienus,
575 3056 616 3121 dc
630 3055 710 3120 Dee
724 3054 834 3140 Syria

172 3158 280 3243 Apud
296 3158 486 3224 Corinthios
506 3164 629 3235 temen,
642 3177 701 3240 per
721 3155 916 3230 Ellotiornm
935 3152 1033 3232 seem,
1048 3152 1084 3217 in
1097 3169 1224 3236 pompe

132 3259 278 3344 Europae
292 3257 604 3324 circumferebantur
618 3276 710 3324 ossa.
753 3253 949 3334 Athenaeus,
960 3269 1027 3319 xv.
1038 3253 1072 3318 6.

175 3360 315 3426 Interim
338 3358 412 3442 ejus
433 3364 557 3436 vector,
580 3365 698 3425 taurus
719 3356 814 3442 (eliis
834 3355 1012 3432 nevisset,
1030 3362 1166 3418 tantm
1185 3351 1223 3414 in

132 3479 250 3546 pnppc
278 3459 407 3542 pictum
436 3458 629 3536 ostendens,
655 3463 690 3523 et
714 3476 782 3521 non
805 3452 947 3539 animal)
965 3455 1051 3544 inter
1078 3451 1223 3519 zedim

134 3560 315 3628 duodecim
339 3561 438 3643 signa
462 3559 620 3626 coelestia
644 3559 782 3628 relatus.
838 3555 1005 3640 Hyginus,
1030 3553 1234 3619 Astronom.x

133 3662 234 3730 Po'et
249 3677 293 3725 ιι.
314 3661 370 3728 21.
393 3659 532 3738 Seneca,
557 3660 664 3726 Herc.
690 3659 770 3724 Fur.
792 3659 825 3726 8.
848 3656 1024 3733 Manilius,
1048 3671 1073 3718 ι.
1104 3651 1223 3718 Astro-

131 3783 218 3830 nom.

173 3861 355 3946 Europam,
370 3879 390 3925 a
412 3859 622 3925 Sidoniorum
639 3859 849 3926 Nomiematc
868 3857 920 3944 (in
934 3873 1004 3940 qno
1017 3854 1142 3937 legunt,
1156 3851 1224 3916 co

131 3965 223 4030 lonis
246 3961 393 4028 ‘Aurelia
418 3959 483 4027 Pia
506 3958 708 4045 Metropolis
734 3955 859 4044 Sidon)
879 3954 1034 4041 depinxit
1055 3949 1222 4029 Vaillant,

132 4061 248 4130 colon.
264 4079 306 4129 ιι.
321 4061 399 4127 lot.
