2959 4875
240 340 286 413 76
678 350 768 402 uuo.
789 348 903 400 suros

242 504 389 583 modom,
418 501 575 587 Ulyssem
605 504 640 567 ot
669 498 875 577 Diomedem,
900 496 1025 581 quihus
1056 496 1161 563 husee
1189 492 1328 562 insidias

242 606 428 691 proesertim
449 608 627 679 struxerat,
655 600 840 669 incolumes
860 598 1025 674 erasisse,
1046 597 1172 663 doloris
1195 596 1332 679 impati-

244 706 338 773 entia
349 706 383 771 iu
394 722 484 770 mare
497 722 572 768 seso
592 702 800 785 praecipitem
813 698 914 763 dedit
956 697 1126 781 Hyginus,
1147 697 1223 763 116.
1244 697 1333 761 Fah·

244 814 280 871 et
306 810 425 889 praeter
453 802 621 881 Ovidium,
649 801 828 885 Virgilium
856 804 958 888 atque
984 800 1157 875 Senecam,
1185 798 1331 863 hreriter

245 906 448 991 Propertius,
468 920 518 967 ιν.
533 904 565 967 1.

373 1004 544 1089 Nauplius
558 1004 682 1068 ultores
694 1002 759 1067 suh
772 1008 909 1066 noctem
917 997 1057 1083 porrigit
1069 998 1176 1081 ignes,

415 1104 458 1170 Et
470 1110 565 1169 natat
579 1102 715 1169 exuviis
729 1101 867 1166 Grauia
879 1117 997 1183 pressa
1010 1098 1095 1162 suis.
1129 1134 1134 1141 -

288 1204 454 1271 Nummus
468 1211 519 1270 eat
533 1204 793 1279 Buthrotiorum,
807 1220 904 1285 quem
919 1198 1076 1264 Goltzius
1090 1197 1196 1273 dedit,
1214 1194 1327 1261 urae.

248 1322 281 1369 v.
308 1305 395 1371 'l'ah
409 1307 441 1371 6.
463 1305 566 1371 Num.
581 1312 614 1371 et
635 1304 784 1369 haerente
807 1300 956 1369 Nunnio,
975 1297 1132 1381 expedite
1154 1296 1332 1362 illustrarit

246 1406 408 1491 lisgerus,
423 1406 579 1491 Spioileg.
596 1407 648 1469 15.
665 1404 768 1469 Νιιιιι.
785 1410 820 1468 at
832 1400 982 1466 Troioor.
994 1396 1050 1463 68.

476 1624 563 1693 XV.
605 1622 747 1693 URNA
768 1620 1104 1691 suuumltauis

631 1756 711 1822 Lm.
727 1774 768 1821 ιι.
790 1756 879 1825 Gar.
895 1758 947 1823 15.

181 1968 186 1977 ‚
298 1893 308 1927 ‘
322 1886 430 1971 Igitur
451 1888 618 1953 aouuetis
632 1887 780 1966 Groeois,
797 1890 886 1953 velut
896 1890 1069 1973 publicum
1082 1888 1185 1954 funus
1198 1868 1275 1976 ejus

382 1994 564 2053 crematum
577 1989 658 2071 igni,
672 2008 775 2055 aureo
789 1990 927 2055 rusculo
940 1992 1103 2073 sepultum
1117 1989 1191 2055 est!

289 2104 503 2169 canavana
523 2124 668 2171 cremare
688 2105 859 2172 Thebanis
874 2125 915 2171 ao
935 2104 1091 2190 Trojauis
1114 2104 1333 2189 temporibus,

246 2204 380 2272 Groeois
392 2214 464 2271 orat
483 2208 516 2271 iu
532 2225 622 2271 mora
636 2205 795 2291 positum.
840 2205 944 2269 Hom.
957 2204 999 2269 11.
1009 2231 1041 2268 α.
1053 2213 1088 2271 et
1100 2205 1137 2281 ᾧ.
1151 2204 1335 2289 quinimmo

240 2312 284 2371 ot
306 2305 469 2389 postilla.
510 2306 666 2391 Thucyd.
683 2322 724 2371 ιι.
747 2316 784 2371 et
807 2306 940 2372 Lueret.
956 2322 1007 2369 vr.
1028 2307 1119 2390 apud
1135 2304 1335 2371 Kirohnruu·

247 2425 337 2483 uum,
363 2405 406 2471 (le
433 2406 518 2472 Fun.
540 2406 723 2473 Romanor.
740 2421 764 2469 ι.
778 2406 811 2472 1.
833 2405 895 2472 aad
915 2413 952 2472 et
972 2406 1155 2485 Romanos,
1177 2406 1245 2472 nisi
1267 2422 1331 2470 uos

246 2507 366 2572 fallant
390 2505 518 2584 Poetae,
543 2507 587 2571 eh
608 2508 683 2589 ipsa
710 2504 823 2571 Roma
843 2505 991 2572 condita.
1036 2505 1135 2572 Orio.
1159 2525 1211 2571 r-v.
1237 2505 1333 2571 Fast.

246 2605 324 2672 856.
346 2605 389 2672 de
414 2605 514 2672 Remi
534 2607 701 2690 exequiis,
726 2613 762 2672 ot
789 2607 926 2691 quidem
946 2626 1055 2691 usqne
1083 2609 1127 2672 ad
1149 2607 1335 2672 Theodosii

248 2707 436 2790 imperium.
459 2705 611 2772 hlaoroh.
625 2707 794 2772 Saturnal.
810 2723 877 2770 ιιιι.
890 2707 923 2771 7.
967 2707 1095 2773 Verum
1108 2708 1188 2773 ride
1198 2717 1232 2773 et
1244 2707 1335 2773 Pliu

250 2805 298 2872 Η.
314 2806 545 2874 Nutriant.

292 2907 429 2972 Cinorus
455 2913 574 2984 numm,
600 2915 682 2991 post
708 2908 965 2973 cremationem:
989 2917 1024 2972 et
1049 2909 1245 2992 orailegium
1275 2909 1332 2988 (da

249 3007 373 3092 quihus
387 3007 516 3098 prolixe
531 3005 724 3074 Kirohman.
739 3022 795 3071 ιιι.
813 3007 847 3072 2.
861 3014 896 3072 et
911 3023 966 3072 ιιι.
979 3005 1033 3093 7.)
1050 3027 1073 3074 a
1086 3011 1241 3092 cognatis
1255 3028 1336 3074 oon·

250 3106 413 3174 (labentur
440 3109 475 3171 iu
495 3107 615 3185 uronis,
636 3109 738 3187 uruis,
768 3108 847 3173 ollis
870 3117 906 3173 et
932 3110 1120 3192 amphoris:
1142 3129 1220 3194 quar
1234 3110 1338 3177 morlo

252 3207 384 3288 fictiles,
398 3209 565 3292 (Properi.
575 3226 616 3274 ιι.
630 3207 701 3292 13.)
712 3209 812 3276 modo
825 3210 1137 3291 marmorumfflio,
1149 3209 1224 3294 76.)
1235 3211 1336 3276 morlo

251 3328 368 3387 nuere,
392 3308 505 3395 (virg.
528 3326 579 3373 vr.
606 3311 685 3374 AEu.
705 3309 781 3400 228.
807 3309 851 3376 de
874 3310 996 3376 Miseni
1017 3309 1207 3394 tuhioinis,)
1233 3311 1337 3377 morlo

251 3416 428 3492 argenteae,
450 3408 635 3495 (Ammian.
652 3427 738 3476 xrx.
760 3411 793 3474 2.
813 3411 856 3476 (le
877 3410 1086 3490 Gmmhatis,
1107 3410 1337 3480 Chionitarum

251 3509 350 3591 repis,
371 3507 462 3592 olii)
483 3510 595 3590 modo,
610 3512 713 3578 veluti
726 3512 792 3591 hio,
805 3513 909 3580 etiam
930 3531 1055 3592 aurem,
1074 3511 1234 3599 (Eutrop.
1249 3526 1333 3576 ιιιιι.

252 3608 295 3676 de
314 3607 451 3694 Trajaui
473 3611 552 3694 imp.
578 3604 803 3679 Plutarch.‘iu
824 3613 969 3680 Demetr-
989 3615 1032 3679 de
1055 3614 1215 3695 Demetrii
1235 3615 1337 3698 regis.

252 3705 425 3786 Moschus,
437 3725 486 3772 ιι.
502 3709 556 3775 16.
572 3710 751 3792 Homerus,
765 3713 907 3788 Iliade.
917 3718 1008 3796 ete.)

294 3809 433 3875 Interim
453 3809 526 3876 hmo
547 3827 641 3891 urna,
662 3813 765 3897 juxta
785 3815 987 3882 assidentem
1007 3816 1080 3881 sive
1102 3823 1252 3891 matram,
1264 3815 1338 3882 sire

254 3928 414 3990 sororem,
438 3912 511 3978 sire
531 3913 720 3996 conjugem,
741 3935 787 3980 ex
810 3918 920 3982 incisu
942 3915 1104 3996 Gemma3
1125 3936 1225 4001 quam
1238 3916 1337 3982 nohis

254 4010 399 4090 exhibet,
426 4011 527 4080 Thes.
557 4014 723 4081 Brundeh.
750 4034 776 4080 ι.
806 4019 880 4082 lto.
908 4018 1033 4101 pluries
1059 4021 1207 4104 prolatus
1236 4017 1336 4084 laur.

254 4106 411 4192 Begerus,
426 4113 625 4182 eruditorum
635 4115 799 4186 encomiis
810 4117 1038 4201 dignissimus.
