2959 4875
254 310 297 376 10
601 326 791 375 sosarnus
815 326 1001 375 scenicus

254 468 388 533 lunam!
433 466 661 533 Doctiseimus
672 464 857 533 Politianus
869 467 923 531 hic
940 468 1122 532 hariolator
1132 476 1254 551 praeter
1268 468 1347 533 soli·

255 579 335 647 tom,
364 570 405 633 de
434 570 567 633 silentio
590 570 687 634 lente.
729 567 873 633 Constat
892 568 992 649 igitur
1011 569 1164 632 omnibus
1194 568 1236 631 de
1262 578 1347 633 teru-

253 690 335 753 pore
349 672 438 749 auui,
455 689 518 735 non
532 670 574 734 de
588 689 685 735 cono.
729 668 820 733 Nam
834 668 898 733 line
914 670 1003 733 veris
1025 669 1117 733 Ilion
1131 675 1269 751 captum
1284 685 1347 731 vo·

253 772 335 850 lunt,
350 774 451 856 paulo
466 776 539 835 ante
556 770 751 834 solstitium.
789 768 890 847 Quod
907 773 942 831 et
950 767 1114 851 Virgilius
1126 774 1347 835 secutusest:

551 869 623 934 Vix
635 870 743 952 prima
756 868 929 951 inceperat
941 875 1059 946 testas,

383 972 428 1035 Et
442 978 537 1053 pater
550 970 677 1033 AEueas
688 969 767 1033 dare
781 969 890 1032 ventis
906 970 1136 1053 velsjubebat.

254 1074 307 1141 De
327 1091 413 1137 auno
436 1086 601 1135 veronen
627 1068 791 1134 convenit.
836 1067 942 1150 Atqui
965 1070 1154 1134 doctissimi
1175 1072 1257 1135 iuter
1269 1091 1344 1149 eos,

253 1175 311 1257 qui
326 1173 398 1237 haec
409 1167 900 1253 dIsquisirerunt,intervsllum
914 1188 937 1233 a
950 1177 1049 1252 capto
1065 1170 1130 1236 Ilio
1144 1172 1187 1235 ad
1201 1172 1345 1254 primaru

238 1271 488 1357 ·OIympisdem
520 1269 684 1333 dchninnt
711 1289 871 1334 sueorum
897 1270 974 1335 407.
997 1272 1150 1353 praecise,
1175 1272 1345 1355 Ephorus,

253 1372 486 1448 Callisthenes,
503 1370 695 1446 Damastes,
713 1370 925 1454 Phylarchos,
937 1370 1091 1435 (lenones
1100 1371 1344 1456 Eratosthenis,

251 1473 375 1553 quihus
391 1472 529 1534 multum
545 1470 657 1535 tribuit
672 1471 859 1553 Dionysius
876 1471 1198 1537 Halicarnassensis.
1229 1473 1347 1551 Quare

252 1572 421 1637 Diodorus
433 1571 582 1635 omnium
596 1573 868 1636 accuratissimus
879 1572 930 1637 ait
940 1592 1060 1636 annum
1073 1574 1216 1656 prImum
1224 1574 1345 1656 Olym-

249 1673 360 1754 piadis
373 1672 426 1736 04.
440 1672 655 1747 desinentem,
670 1670 732 1734 hoc
748 1679 812 1750 est,
827 1691 949 1736 anuum
961 1671 1039 1736 373.
1061 1693 1084 1737 a
1102 1675 1210 1757 primo
1226 1673 1344 1758 Olym-

248 1774 328 1852 pico
349 1772 487 1847 ludicm,
515 1790 591 1834 esse
611 1770 794 1853 ὀγδοηκοστὸν
815 1771 880 1857 πρὸς
900 1773 959 1845 τοῖς
987 1771 1166 1845 Israxoelorf
1191 1777 1268 1855 perol
1291 1778 1344 1853 τὴν

252 1870 351 1958 Τροίας
365 1868 481 1933 ἅλωσιν.
526 1869 690 1937 DeductIs
715 1872 816 1954 igitur
829 1873 905 1936 373.
928 1873 971 1936 de
983 1872 1061 1937 780.
1075 1881 1245 1938 remanent
1257 1877 1343 1939 anni

249 1976 327 2039 407.
385 1972 600 2036 Intervallum
615 1992 636 2036 s
651 1978 752 2056 cepto
762 1973 829 2037 Illo
845 1972 889 2036 ad
899 1973 953 2037 95.
975 1972 1211 2056 Olympiadem
1226 1976 1344 2040 lucun-

248 2082 325 2139 tem.
369 2072 519 2152 Contigit
537 2072 635 2153 igitur
655 2092 757 2137 casos
772 2092 858 2137 anuo
870 2072 966 2137 tertio
985 2075 1092 2139 tertioe
1105 2073 1343 2139 Tetrseteridos

248 2171 385 2250 Atticm,
398 2172 461 2235 hoc
473 2177 535 2247 est,
551 2188 640 2236 anno
653 2173 705 2236 11.
716 2172 847 2255 perlodi
861 2170 999 2248 Atticm,
1015 2172 1211 2255 plenilunio·
1247 2174 1341 2239 Neo-

248 2275 354 2337 menis
374 2272 613 2353 Thargelionos
635 2272 691 2337 31.
715 2271 800 2337 Mai·
843 2270 1016 2336 Vicesima
1031 2274 1130 2336 tertia
1143 2272 1344 2355 'Ihargelio-

248 2394 312 2438 nos
324 2376 358 2438 in
369 2375 424 2439 22.
440 2372 462 2435 J
465 2372 547 2435 unii.
603 2371 809 2455 supererant
824 2370 868 2434 ad
886 2378 991 2454 caput
1005 2373 1084 2438 anui
1100 2376 1270 2455 sequentis
1283 2374 1344 2441 37.

247 2474 341 2538 dles:
364 2492 502 2556 quorum
520 2472 572 2538 16.
587 2471 629 2536 ad
644 2475 750 2560 eparolf
763 2471 879 2560 lupurch,
892 2473 927 2537 id
943 2482 997 2538 cst
1006 2474 1038 2538 8.
1052 2473 1075 2536 J
1077 2474 1139 2537 ulii
1150 2474 1343 2541 exclusive.

247 2573 293 2638 Et
303 2573 442 2657 proinde
453 2575 505 2638 21.
521 2579 612 2637 erant
624 2572 751 2657 περιτταὶ
766 2570 877 2658 ἡμέραι,
893 2573 938 2638 ad
953 2578 1053 2656 caput
1067 2575 1144 2638 euni
1154 2577 1342 2657 sequentis,

246 2681 283 2738 ut
303 2674 407 2737 hahes
429 2673 515 2738 libro
535 2675 656 2756 prImo,
670 2673 706 2735 in
719 2672 854 2736 Tabula
870 2672 1126 2738 Neomeniarum
1139 2673 1343 2740 Atticarum.

246 2774 312 2838 Sed
328 2774 513 2856 DIonysius
530 2774 844 2838 HelloarnassensIs
866 2771 949 2838 dicit
961 2775 1064 2837 luisse
1078 2775 1196 2856 viginti
1209 2782 1341 2841 tantum

245 2870 392 2957 περιττοῖς,
412 2875 460 2938 17.
476 2879 584 2937 autem
595 2873 640 2937 ad
654 2871 772 2957 spernis.
806 2873 1058 2956 Intelligitergo
1073 2875 1248 2939 inclusive.
1279 2874 1344 2938 ln·

246 2973 351 3038 cludit
365 2973 451 3037 euim
467 2975 499 3037 8.
520 2973 603 3037 Iulli
624 2975 660 3037 iu
682 2974 778 3036 illum
797 2992 980 3037 numerum.
1023 2971 1125 3050 Quod
1145 2982 1181 3039 et
1203 2975 1341 3040 Plutar-

244 3073 341 3137 chum
363 3073 472 3137 facers
497 3073 803 3148 animadvertimus,
818 3074 877 3154 qui
898 3091 959 3156 pro
979 3072 1131 3157 τριάκοντα
1152 3075 1235 3140 dicit
1254 3101 1340 3159 rpra-

246 3169 357 3250 κοστδν,
372 3179 406 3238 et
418 3182 534 3237 contra
549 3171 702 3238 lnarorrdv
717 3193 778 3257 pro
794 3169 903 3238 isam.
947 3173 1068 3255 Neque
1076 3175 1136 3238 illc
1144 3176 1341 3253 rotomaco

245 3279 280 3337 ct
295 3273 353 3336 alii
364 3273 490 3338 Graeci.
533 3273 657 3338 Incidit
671 3275 772 3356 igitur
785 3274 846 3337 ille
860 3293 967 3337 annus
981 3275 1015 3336 in
1028 3274 1125 3339 3331.
1136 3275 1264 3358 periodi
1271 3276 1340 3341 Iu·

244 3374 354 3438 lianae.
376 3357 516 3436 'Annus
531 3382 642 3438 autem
658 3375 785 3457 primus
800 3373 905 3457 Iphiti
919 3374 1037 3438 incIdit
1050 3376 1086 3438 in
1101 3394 1222 3438 annum
1235 3376 1342 3444 3938.-

242 3473 369 3556 periodi
385 3473 544 3538 Iulienae.
576 3473 785 3550 Differentia,
801 3475 880 3537 anni
901 3474 978 3538 407.
993 3474 1168 3556 quoderat
1183 3479 1338 3559 proposi·

160 3597 162 3605 ·
243 3581 325 3636 tum.
370 3571 516 3637 Notabis
537 3579 644 3638 autem
667 3575 700 3638 iu
722 3573 839 3638 tabula
860 3573 1118 3638 Neomeniarum
1132 3573 1337 3655 Atticarum,

243 3674 329 3738 libro
355 3673 474 3754 primo,
500 3670 632 3758 περιττοῖς
656 3672 760 3760 ἡμέρας
781 3675 1022 3756 pertinereuon
1035 3674 1079 3739 ad
1101 3694 1175 3739 eum
1191 3695 1335 3758 anuum3

243 3773 300 3844 cui
313 3772 480 3855 appositae
505 3781 594 3850 sunt,
608 3773 667 3837 sed
683 3772 727 3838 ad
740 3779 946 3856 sequentem.
990 3774 1190 3858 Exemplum
1213 3777 1249 3840 in
1263 3779 1336 3860 pri·

242 3891 297 3936 mo
314 3889 399 3936 auno
415 3873 546 3954 periodi
566 3879 739 3939 annotatur
750 3877 866 3959 περιττὴ
879 3875 981 3940 nulla.
1026 3874 1107 3939 Hoc
1122 3876 1297 3957 significat,
1310 3898 1336 3944 a

242 3971 307 4036 fine
319 3971 557 4050 antecedentis,
572 3975 629 4056 qui
644 3981 714 4040 erat
727 3977 864 4039 ultImus
872 3972 1015 4056 periodi,
1030 3976 1075 4040 ad
1088 3976 1216 4040 initium
1231 3979 1334 4059 primi

244 4070 332 4148 anni,
362 4071 484 4135 nullam
513 4093 589 4140 esse
610 4077 739 4161 περιττὴν
762 4073 877 4163 ἡμέραν.
920 4075 1051 4140 Rursus
1072 4075 1222 4141 secundo
1243 4097 1333 4144 auno
