2959 4875
216 351 259 415 44
476 364 555 413 rso.
581 361 772 412 rsnrzonrr
798 360 1046 411 nrssuuusrru

216 508 365 593 regione,
393 514 432 573 ut
452 506 641 587 Thessalia,
661 514 929 583 commemorent,
953 504 1043 590 quod
1070 524 1146 571 curu
1172 506 1232 572 uiii
1254 506 1307 571 su·

217 612 320 687 siunt,
342 608 477 691 Tragici
505 608 771 693 frequentissime
793 606 934 684 fuciunt,
963 607 1087 690 quibus
1112 607 1246 672 minime
1270 606 1308 673 id

201 710 471 801 ⁸consedendum
484 719 555 775 est:
577 708 658 774 nihii
680 710 768 773 euim
789 727 833 772 ex
854 726 1000 791 persone
1021 707 1143 792 podtae,
1158 709 1220 773 sed
1235 728 1309 772 om·

217 812 276 877 niu
289 812 351 877 sub
366 832 492 891 eorum,
502 813 562 895 qui
576 812 636 877 iiio
651 818 801 894 tempure
812 810 977 887 vixerunt,
991 810 1160 874 dixerunt
1202 806 1307 887 Quod

145 962 148 967 .
219 913 340 996 siquis
361 932 383 978 u
401 913 565 979 Thessalo
588 911 748 977 Herculis
769 910 811 975 F.
825 928 886 975 eos
910 908 1100 995 uppeiiutus
1119 906 1309 975 Themulos

221 1014 315 1092 dicit,
330 1013 501 1079 reddenda
513 1016 577 1079 erit
598 1016 630 1079 ei
652 1013 750 1091 ratio,
762 1031 821 1077 cur
840 1031 1009 1094 nunquam
1030 1019 1110 1075 unte
1131 1011 1310 1095 insequen-

221 1122 289 1179 tem
309 1114 510 1181 Thessalum
526 1135 569 1181 eu
591 1134 674 1199 gens
697 1116 733 1180 id
756 1114 901 1179 nominis
915 1111 1141 1197 usurpaverit-⁹
1184 1110 1311 1195 liquet

221 1233 269 1279 ex
285 1216 339 1281 his
360 1217 500 1295 abunde,
528 1219 624 1301 longe
647 1216 805 1282 seriorem
828 1214 985 1299 'l'rojuuis
1006 1214 1212 1298 temporibus
1233 1230 1311 1277 esse

222 1316 314 1381 iilum
330 1318 601 1401 appellationem.
645 1318 712 1382 Sed
733 1327 769 1383 et
783 1318 840 1400 qui
854 1336 930 1381 eum
940 1316 983 1380 ub
997 1314 1160 1380 'l'nesedo
1178 1312 1313 1377 Herou-

222 1415 265 1481 iis
288 1417 326 1483 F.
341 1418 546 1497 derivabant,
570 1438 637 1484 nou
659 1427 769 1485 temen
792 1418 883 1483 iliius
905 1426 1055 1501 tempore
1076 1419 1235 1499 ereptum,
1249 1410 1312 1477 sed

223 1517 397 1603 uliquuutn
413 1527 492 1605 post
511 1523 554 1585 ub
568 1522 659 1587 iliius
680 1521 836 1586 'l'hessuii
849 1518 992 1605 posteris
1005 1524 1122 1595 ortum,
1136 1523 1171 1581 et
1182 1514 1313 1597 regioni

225 1620 269 1685 ub
284 1638 321 1683 se
334 1629 508 1705 ucoupstae
521 1626 556 1689 in
569 1622 727 1689 honorem
742 1621 962 1706 progenitoris
976 1619 1031 1684 sui
1040 1617 1235 1698 impositam
1243 1623 1315 1681 tru-

223 1718 359 1786 debent.
388 1722 478 1789 Vide
492 1725 688 1790 Strabonem
704 1724 763 1787 lib.
775 1739 831 1786 rx.
846 1728 1006 1787 extremo.
1037 1716 1315 1785 Addeuutemiis
1355 1715 1361 1723 ’

225 1816 349 1885 Veiieii
364 1824 466 1888 etiam
480 1842 529 1903 eu,
552 1844 630 1908 quse
651 1842 732 1889 mox
754 1830 914 1889 memorat
937 1822 1027 1888 idem
1046 1822 1090 1887 de
1113 1818 1314 1895 ‘Corinthu

224 1920 351 1986 multo'
371 1926 492 1989 etiam‘
504 1924 1316 2011 pustliiumoaptum'sinuumiusmttnmeuu

225 2030 340 2087 nostru
359 2025 480 2110 Dictys
494 2029 619 2111 saepius
644 2028 719 2092 solo
732 2027 798 2091 huc
814 2024 960 2090 Nomine
973 2026 1155 2109 designate„
1196 2023 1317 2088 Sedet

226 2122 293 2187 hue
318 2126 435 2205 resero,
458 2130 547 2212 quud
569 2128 782 2211 ‘Corcyram
803 2126 1004 2205 Meioenuur,'
1026 2128 1070 2191 ub
1085 2128 1194 2191 AEnee
1215 2129 1316 2189 ‘uou-

225 2224 394 2293 stitutum’
410 2230 457 2295 ait
481 2248 514 2296 v.
537 2232 591 2295 17.
614 2230 805 2295 ‘civitatem
827 2228 890 2308 his,
915 2228 975 2312 qui
997 2247 1113 2295 seeum
1133 2227 1316 2308 ιιιιιίςιιιο-

226 2328 320 2393 rant!
363 2328 492 2395 Etenim
508 2331 698 2416 <Corcyrae'
720 2350 842 2396 nomeu
861 2330 1000 2394 necdum
1027 2330 1146 2395 hebuit
1167 2336 1246 2394 tuno
1271 2346 1319 2393 ue

222 2429 400 2514 praecipuu
413 2432 545 2516 quidem
562 2434 660 2500 istius
675 2432 818 2498 numinis
838 2433 963 2510 insula,
978 2432 1166 2516 serpissime
1178 2430 1257 2496 iicet
1268 2430 1316 2494 ub

230 2529 380 2596 Homero
388 2541 578 2614 memoratu,
593 2535 651 2600 sed
665 2536 759 2600 dictu
772 2535 818 2598 ab
828 2553 870 2598 eo
882 2532 1006 2621 Σχφὶα,
1022 2543 1058 2600 et
1074 2532 1209 2597 Φαιάκων
1223 2536 1318 2608 νῆσος,

229 2638 265 2695 et
279 2641 396 2716 postes
418 2635 561 2714 demum,
578 2638 680 2704 immo
702 2636 839 2703 demu'm
857 2632 1039 2722 postquem
1053 2635 1219 2700 Corinthii
1238 2653 1316 2702 eum

224 2741 410 2814 tenuerunt,
425 2737 456 2800 si
478 2737 560 2802 tides
576 2739 715 2815 cunoni,
734 2737 888 2824 Κιριιῖρας,
902 2757 964 2803 seu
980 2735 1175 2823 ‘Corcyrre'
1195 2753 1318 2800 numen

228 2836 370 2918 sucepit
414 2836 504 2902 Vide
520 2839 675 2905 Pulmerii
691 2839 858 2905 Graeoiam
873 2838 1169 2922 Antiquemrr.ld.
1212 2834 1319 2913 Quod

230 2940 261 3004 si
280 2940 388 3023 muj0r
407 2941 519 3005 insuia
536 2941 677 3006 neudum
702 2940 737 3004 id
763 2959 883 3006 nomen
905 2948 983 3004 tuno
1005 2940 1166 3022 temporis
1187 2936 1318 3016 habuit,

229 3059 338 3123 neque
363 3041 470 3106 minor
497 3043 556 3108 iiia
579 3053 614 3108 et
637 3043 772 3108 interior
793 3043 827 3106 in
849 3041 1025 3106 Adriatico
1046 3041 1131 3105 muri
1153 3040 1318 3106 hebuim

230 3141 371 3206 ridetur.
415 3142 513 3208 Certe
529 3145 681 3228 epitheto
696 3143 930 3220 distinctionis,
944 3149 982 3206 ut
993 3143 1158 3208 diseretur
1171 3141 1321 3226 corcyra

231 3241 350 3324 Nigra,
363 3261 423 3308 seu
437 3241 579 3323 Μίλωνα,
602 3267 689 3329 opus
703 3265 769 3309 non
794 3245 867 3322 fuit,
889 3244 1023 3327 quaudo
1045 3245 1138 3308 uuiiu
1159 3244 1229 3308 ulie
1246 3252 1320 3308 erut

231 3342 352 3421 insule,
367 3364 443 3427 quae
458 3347 526 3411 isto
546 3347 678 3411 nomine
694 3345 931 3428 designaretur.
976 3345 1075 3409 Adde
1084 3345 1168 3428 jum,
1183 3343 1320 3410 Strobo-

231 3463 306 3509 nem
315 3446 452 3524 undere,
466 3449 583 3512 urbem
594 3431 693 3513 istius
708 3448 838 3524 insulse,
852 3466 918 3513 nou
932 3448 976 3512 ub
985 3447 1171 3525 AEueu,sed
1186 3467 1207 3512 a
1222 3445 1320 3512 ‘Cui-

232 3543 319 3610 diis’
333 3547 512 3626 conditum,
528 3550 679 3614 vrudld.

274 3660 402 3709 xxvii.
423 3646 529 3713 Porro
553 3656 663 3713 eutem
692 3669 795 3734 quum
818 3651 966 3733 ineptum
995 3652 1107 3713 estet
1129 3649 1273 3713 uiisnum
1295 3667 1320 3712 u

231 3745 370 3831 'l'rojuui
385 3749 542 3830 temporis
561 3752 733 3834 scriptore,
750 3752 840 3835 quud
863 3756 1023 3815 memoret
1036 3749 1078 3814 de
1097 3749 1204 3814 literis
1215 3749 1323 3814 Puni·

111 3939 115 3946 A
233 3847 295 3926 cis,
309 3849 352 3912 eb
366 3846 495 3913 Cadmo
519 3850 703 3936 Drusoque
726 3851 870 3929 truditis,
884 3852 1009 3935 quibus
1027 3851 1062 3914 in
1082 3851 1323 3916 conscribendo

232 3948 298 4013 hue
325 3947 467 4013 historie
489 3969 570 4014 usus
589 3952 646 4028 sit,
661 3956 694 4015 et
716 3952 760 4015 de
781 3953 1003 4016 ‘diversitate
1029 3951 1209 4017 sermonis’
1232 3953 1323 4016 inter

234 4046 389 4128 Graecos,
403 4051 505 4115 immo
519 4059 555 4114 et
568 4051 661 4135 ipsos
674 4050 793 4129 Cretae,
802 4054 899 4117 unius
913 4051 1045 4132 iusulae,
1058 4052 1199 4117 insoles
1229 4051 1322 4117 Num

169 4247 171 4254 y
196 4207 197 4212 ,
235 4147 387 4214 ‘literas'
403 4151 517 4233 utique
532 4150 653 4217 diversi
670 4153 797 4234 generis
811 4171 875 4217 uon
897 4152 1084 4217 habuerunt
1096 4151 1321 4236 antiquissimi
