2959 4875
251 346 296 416 tio
511 362 592 413 rec.
616 360 810 415 rrsrzorru
835 360 1087 413 nrssrsrsrro

254 514 409 601 epistole
425 519 563 581 auctore
578 518 613 579 et
624 512 736 599 operis
744 514 844 599 buJus
853 515 1043 599 interprete,
1057 515 1269 600 reperiendo,
1284 535 1346 581 sen

254 618 288 682 in
301 613 514 693 declarando,
528 614 605 699 quis
618 615 719 681 inerit
731 614 789 709 ille
803 615 998 699 Septimius,
1012 623 1046 682 et
1062 617 1196 701 quando
1209 616 1347 702 proprie

253 718 390 786 vixerit
433 714 539 782 Nulla
559 716 721 782 babemus
743 717 899 799 vestigia,
914 737 992 801 ques
1006 719 1042 783 in
1057 738 1098 783 eo
1112 718 1299 802 indagando
1315 723 1349 781 et

253 818 399 887 eruendo
417 836 605 902 sequamur,
618 818 682 883 nisi
703 838 780 901 quse
793 820 964 885 uobisuua
987 819 1053 898 ‘Q
1069 818 1190 885 Aradii
1211 816 1349 883 Rubui'

253 921 376 987 mentio
390 920 531 1003 prebet.
576 918 627 983 Ea
641 918 729 984 enim
745 919 821 983 sole
837 920 888 1003 nti
904 919 1065 985 debemus
1081 921 1125 985 ed
1140 920 1346 986 constituen-

254 1022 333 1087 dam
349 1022 506 1104 Septimii
516 1026 665 1087 aetatem.
708 1019 777 1113 Sed
791 1021 885 1087 illins
905 1040 1041 1107 quoqne
1067 1027 1151 1088 astas
1163 1021 1346 1107 aliquantu·

223 1140 227 1147 ’
253 1122 325 1207 lum
337 1124 477 1202 incerte,
504 1124 583 1207 quie
604 1124 716 1207 plnres
739 1124 872 1190 inerunt
894 1124 994 1191 istius
1015 1123 1161 1189 nominis
1181 1123 1348 1188 homines.

254 1222 334 1289 Neo
348 1225 447 1302 onim,
462 1224 553 1309 quod
567 1222 643 1289 Viri
656 1224 750 1290 docti
763 1224 920 1291 sidentur
933 1225 1159 1307 existimasse,
1173 1242 1260 1287 nnus
1270 1222 1347 1301 tuit,

106 1356 118 1373 .
253 1336 289 1391 et
303 1326 362 1410 qui
372 1326 445 1411 Jem
469 1326 534 1391 sub
553 1326 767 1391 Diocletiano
792 1322 980 1391 Praefectus
995 1325 1100 1391 Urbis
1114 1324 1257 1408 primurn
1269 1323 1347 1403 fuit,

253 1428 361 1512 etqui
378 1442 443 1491 nx.
459 1428 557 1491 annis
573 1433 654 1513 post
667 1427 710 1491 ab
720 1426 861 1492 Iuliano
875 1427 986 1492 factus
999 1431 1052 1491 est
1062 1424 1186 1495 cenes
1199 1425 1348 1514 Orientis

252 1528 342 1612 apud
373 1526 585 1594 Ammiannm
615 1528 850 1595 Marcellinum
876 1529 935 1594 tib.
950 1543 1071 1593 xxrrr.
1100 1528 1176 1592 init.
1220 1526 1346 1611 Neque

173 1632 178 1641 '
251 1630 353 1695 etiem
366 1635 495 1713 putem,
510 1628 675 1695 Aradium
695 1629 784 1694 bunc
799 1626 959 1693 Rufinum
971 1648 1048 1695 esse
1068 1629 1161 1694 illum
1181 1628 1217 1693 in
1241 1628 1348 1711 lapi-

252 1730 353 1798 dibus
367 1737 588 1795 memoratum
603 1728 670 1809 Ὠ.
685 1729 849 1795 Aradium
864 1729 1025 1797 Rniinum
1032 1729 1203 1796 Valerium
1216 1728 1348 1794 Procu-

250 1830 342 1909 lum,'
363 1837 403 1895 ut
425 1835 538 1895 censet
566 1828 727 1897 Onuirins
752 1832 787 1895 in
813 1830 927 1896 Fastis
952 1831 996 1896 ad
1011 1830 1146 1896 Annum
1175 1846 1348 1895 unxvrrr.

252 1951 351 2016 quem
366 1932 524 1997 tamenin
537 1952 580 1997 eo
593 1936 777 2015 sequuntur
797 1950 925 2011 omnes,
941 1951 1026 2015 qnos
1047 1932 1129 1998 vidi.
1173 1930 1209 1996 N
1209 1950 1263 1995 sm
1283 1931 1347 1997 ille

250 2034 353 2099 unico
377 2035 522 2111 nornine,
536 2030 591 2098 vel
616 2034 751 2117 paucis,
765 2034 797 2097 si
825 2033 1064 2117 designaretur,
1089 2032 1251 2098 dicendas
1272 2038 1348 2115 erat

249 2134 462 2219 potissimum
485 2134 667 2201 ‘Valerius
691 2132 881 2212 Proculus,'
903 2135 956 2200 vel
980 2139 1110 2199 tentum
1131 2131 1349 2211 ‘Prwulus’

249 2254 342 2301 more
368 2236 468 2301 istius
491 2237 661 2321 temporis,
677 2254 747 2320 quo
768 2255 812 2301 ex
830 2235 982 2319 plurimis
1004 2235 1197 2300 nominibus
1210 2230 1349 2317 semper

249 2338 371 2406 ultimo
384 2337 542 2417 maxime,
557 2324 717 2422 tanquam
737 2336 803 2405 sibi
815 2337 1027 2421 potissimam
1048 2335 1206 2421 proprio,'
1226 2336 1351 2424 appel·

249 2438 406 2504 labantur
438 2438 598 2506 homines.
642 2439 698 2505 lta
721 2438 909 2524 Imperator
929 2439 988 2504 ‘In
1014 2436 1167 2504 Messius
1193 2429 1347 2518 Quintus

249 2539 415 2624 majaces
428 2539 580 2620 Derim:
601 2542 645 2607 ab
666 2541 834 2620 omnibns,
848 2539 1019 2609 Trebellio
1042 2538 1207 2619 Pollione,
1221 2539 1347 2608 Eutro-

188 2693 190 2699 s
247 2642 319 2727 pio,
332 2641 482 2722 Victore,
501 2642 633 2722 Oresio,-
656 2642 809 2726 Sulpicio
835 2641 973 2720 Severo,
988 2644 1049 2707 &a
1070 2641 1200 2725 passim
1215 2641 1347 2733 simpli·

248 2743 333 2812 citer
347 2743 516 2824 ‘Decius,'
529 2743 586 2810 vel
600 2743 787 2828 ‘Trejcnus
801 2742 948 2809 Decius’
957 2743 1092 2808 dicitur.
1134 2741 1218 2827 Ejus
1231 2750 1346 2810 antem

248 2845 321 2912 sire
349 2844 449 2932 lilius,
477 2845 548 2910 sive
576 2864 690 2928 gener,
714 2843 779 2908 ‘0.
794 2843 924 2910 Valens
949 2843 1164 2915 Hostilianas
1194 2843 1345 2910 Messius

249 2943 417 3024 Quintus,’
436 2945 636 3030 simpliciter
649 2950 660 2981 ‘
671 2945 839 3028 Qniutns,'
862 2947 963 3035 sicuti
984 2943 1136 3028 Angusta
1150 2945 1242 3010 illins
1257 2953 1346 3014 tem·

197 3067 202 3079 ¹
244 3047 341 3130 poris
369 3045 504 3125 ‘Gutee
530 3047 609 3113 Seia
634 3047 809 3116 Herennia
836 3046 999 3113 Sallustio
1019 3046 1146 3112 Barbia
1174 3046 1347 3112 Orbiana’

247 3147 881 3216 breviter‘BerbisOrbiana’vocetar.
904 3147 1020 3214 Sedet
1031 3147 1171 3233 hicipse
1184 3147 1347 3226 ‘Q.Ara·

246 3247 325 3312 dius
341 3246 485 3314 Rufinus
501 3245 662 3314 Valerius
677 3247 862 3314 Proculus'
882 3248 919 3313 in
940 3267 1080 3332 corpore
1101 3249 1179 3333 ipso
1200 3250 1347 3334 inserip-

246 3349 350 3415 tionis
374 3367 398 3416 r.
420 3371 455 3435 p.
479 3349 555 3418 362.
584 3351 674 3438 apud
700 3349 879 3420 Grotemm
908 3350 1063 3417 omnibns
1085 3350 1220 3432 quidem
1245 3351 1344 3416 bisce

246 3451 437 3518 numinibus
451 3451 500 3517 ite
513 3453 723 3536 exprimitur,
739 3459 778 3516 at
799 3451 834 3517 in
846 3451 922 3536 ejus
941 3450 1077 3544 fastigio
1090 3451 1182 3534 lepis
1200 3451 1266 3517 iste
1276 3472 1347 3536 po·

247 3551 333 3632 situs
348 3552 500 3617 scribitur
515 3557 644 3644 matum
658 3551 817 3622 ‘Valerio
832 3548 981 3626 Proculo
987 3550 1033 3617 V·
1044 3552 1085 3618 C.
1100 3553 1245 3619 Prmsidi
1256 3553 1345 3646 Pro-

246 3651 367 3718 vineias
380 3651 458 3718 Vel.
474 3654 681 3736 Byzacena!
707 3655 829 3740 Neque
838 3655 935 3723 ubter
949 3654 1009 3721 ‘Iu
1021 3652 1169 3720 Aradios
1181 3654 1344 3724 Valerius

245 3751 438 3831 Proculus,’
459 3755 551 3839 apud
573 3755 752 3825 Gruterum
773 3757 897 3842 publ.
919 3757 955 3822 in
980 3756 1111 3822 duobus
1135 3757 1344 3825 carminibus

246 3855 365 3940 majori
386 3856 494 3936 titulo,
512 3859 570 3940 qui
589 3877 706 3928 omnes
728 3859 801 3944 ejus
822 3859 967 3927 bonores
987 3859 1144 3936 continet,
1165 3859 1343 3943 subjectis,

247 3965 378 4024 mntem
403 3961 414 3994 ‘
425 3958 608 4026 Proonlns'
624 3960 756 4026 dicitur.
803 3959 892 4041 Quae
914 3963 990 4044 ipse
1004 3960 1153 4026 carmine
1172 3960 1273 4030 etiam
1294 3961 1342 4026 ad

247 4053 294 4134 Q.
316 4057 375 4122 Ar.
405 4057 487 4126 Rus.
508 4057 587 4124 Vel.
612 4059 791 4126 Proculum
813 4060 971 4126 0unlrius
996 4061 1084 4133 male
1106 4059 1232 4138 retulit,
1256 4062 1342 4130 licet

245 4155 277 4237 is
290 4155 429 4246 Consul,
442 4166 532 4229 certe
543 4159 742 4242 ordinarius,
754 4181 924 4248 nunquam
938 4161 1045 4232 subse
1057 4160 1219 4232 nuceta.
