<?xml version="1.0" encoding="UTF-8"?>
<!DOCTYPE html PUBLIC "-//W3C//DTD XHTML 1.0 Transitional//EN"
    "http://www.w3.org/TR/xhtml1/DTD/xhtml1-transitional.dtd">
<html xmlns="http://www.w3.org/1999/xhtml" xml:lang="en" lang="en">
 <head>
  <title>
</title>
<meta http-equiv="Content-Type" content="text/html;charset=utf-8" />
  <meta name='ocr-system' content='tesseract 3.04.00' />
  <meta name='ocr-capabilities' content='ocr_page ocr_carea ocr_par ocr_line ocrx_word'/>
</head>
<body>
  <div class='ocr_page' id='page_1' title='image "./dictyscretensis00josegoog/dictyscretensis00josegoog_0389.png"; bbox 0 0 2959 4875; ppageno 0'>
   <div class='ocr_carea' id='block_1_1' title="bbox 561 358 853 412">
    <p class='ocr_par' dir='ltr' id='par_1_1' title="bbox 561 358 853 412">
     <span class='ocr_line' id='line_1_1' title="bbox 561 358 853 412; baseline -0.003 -6"><span class='ocrx_word' id='word_1_1' title='bbox 561 358 613 407; x_wconf 78' lang='lat' dir='ltr'><strong>AB</strong></span> <span class='ocrx_word' id='word_1_2' title='bbox 640 358 853 412; x_wconf 66' lang='lat' dir='ltr'><strong>BBOTBRRU.</strong></span> 
     </span>
    </p>
   </div>
   <div class='ocr_carea' id='block_1_2' title="bbox 290 640 1119 711">
    <p class='ocr_par' dir='ltr' id='par_1_2' title="bbox 290 640 1119 711">
     <span class='ocr_line' id='line_1_2' title="bbox 290 640 1119 711; baseline 0.001 -3"><span class='ocrx_word' id='word_1_3' title='bbox 290 642 497 708; x_wconf 86' lang='lat' dir='ltr'><strong>Guilhaimus</strong></span> <span class='ocrx_word' id='word_1_4' title='bbox 513 640 725 709; x_wconf 83' lang='lat' dir='ltr'><strong>Cambdenna</strong></span> <span class='ocrx_word' id='word_1_5' title='bbox 739 643 774 709; x_wconf 92' lang='lat' dir='ltr'><strong>in</strong></span> <span class='ocrx_word' id='word_1_6' title='bbox 787 642 957 710; x_wconf 78' lang='lat' dir='ltr'><strong>Britannia</strong></span> <span class='ocrx_word' id='word_1_7' title='bbox 970 662 1031 709; x_wconf 83' lang='lat' dir='ltr'><strong>sua</strong></span> <span class='ocrx_word' id='word_1_8' title='bbox 1045 646 1119 711; x_wconf 82' lang='grc'><strong>133.</strong></span> 
     </span>
    </p>
   </div>
   <div class='ocr_carea' id='block_1_3' title="bbox 156 804 1248 1380">
    <p class='ocr_par' dir='ltr' id='par_1_3' title="bbox 156 804 1248 1380">
     <span class='ocr_line' id='line_1_3' title="bbox 204 804 1246 890; baseline 0 -21"><span class='ocrx_word' id='word_1_9' title='bbox 204 804 283 883; x_wconf 87' lang='lat' dir='ltr'><strong>Quo</strong></span> <span class='ocrx_word' id='word_1_10' title='bbox 303 807 429 871; x_wconf 78' lang='lat' dir='ltr'><strong>eraculo</strong></span> <span class='ocrx_word' id='word_1_11' title='bbox 450 804 575 883; x_wconf 83' lang='lat' dir='ltr'><strong>floruit,</strong></span> <span class='ocrx_word' id='word_1_12' title='bbox 591 807 651 890; x_wconf 91' lang='lat' dir='ltr'><strong>qui</strong></span> <span class='ocrx_word' id='word_1_13' title='bbox 665 806 745 870; x_wconf 88' lang='lat' dir='ltr'><strong>hino</strong></span> <span class='ocrx_word' id='word_1_14' title='bbox 767 806 928 871; x_wconf 84' lang='lat' dir='ltr'><strong>oriundus</strong></span> <span class='ocrx_word' id='word_1_15' title='bbox 948 815 984 872; x_wconf 91' lang='lat' dir='ltr'><strong>et</strong></span> <span class='ocrx_word' id='word_1_16' title='bbox 997 804 1246 889; x_wconf 76' lang='lat' dir='ltr'><strong>cognominatus</strong></span> 
     </span>
     <span class='ocr_line' id='line_1_4' title="bbox 159 905 1248 993; baseline 0.001 -23"><span class='ocrx_word' id='word_1_17' title='bbox 159 905 331 993; x_wconf 83' lang='lat' dir='ltr'><strong>Joaephus</strong></span> <span class='ocrx_word' id='word_1_18' title='bbox 361 907 515 987; x_wconf 81' lang='lat' dir='ltr'><strong>Iaeanua,</strong></span> <span class='ocrx_word' id='word_1_19' title='bbox 541 907 816 992; x_wconf 76' lang='lat' dir='ltr'><strong>splendidissimo</strong></span> <span class='ocrx_word' id='word_1_20' title='bbox 845 908 980 991; x_wconf 83' lang='lat' dir='ltr'><strong>ingenio</strong></span> <span class='ocrx_word' id='word_1_21' title='bbox 1002 908 1123 987; x_wconf 72' lang='lat' dir='ltr'><strong>Poeta,</strong></span> <span class='ocrx_word' id='word_1_22' title='bbox 1149 908 1248 991; x_wconf 79' lang='lat' dir='ltr'><strong>cujus</strong></span> 
     </span>
     <span class='ocr_line' id='line_1_5' title="bbox 159 1008 1247 1095; baseline 0.004 -24"><span class='ocrx_word' id='word_1_23' title='bbox 159 1010 285 1093; x_wconf 86' lang='lat' dir='ltr'><strong>scripta</strong></span> <span class='ocrx_word' id='word_1_24' title='bbox 305 1010 352 1075; x_wconf 91' lang='lat' dir='ltr'><strong>ita</strong></span> <span class='ocrx_word' id='word_1_25' title='bbox 366 1008 603 1093; x_wconf 80' lang='lat' dir='ltr'>probabantur,</span> <span class='ocrx_word' id='word_1_26' title='bbox 628 1015 665 1075; x_wconf 88' lang='lat' dir='ltr'><strong>ut</strong></span> <span class='ocrx_word' id='word_1_27' title='bbox 680 1010 721 1074; x_wconf 88' lang='lat' dir='ltr'><strong>ad</strong></span> <span class='ocrx_word' id='word_1_28' title='bbox 736 1016 885 1075; x_wconf 85' lang='lat' dir='ltr'><strong>veterum</strong></span> <span class='ocrx_word' id='word_1_29' title='bbox 902 1012 1101 1095; x_wconf 84' lang='lat' dir='ltr'><strong>scriptorum</strong></span> <span class='ocrx_word' id='word_1_30' title='bbox 1114 1010 1247 1083; x_wconf 88' lang='lat' dir='ltr'><strong>laudem</strong></span> 
     </span>
     <span class='ocr_line' id='line_1_6' title="bbox 158 1096 1247 1197; baseline 0.002 -22"><span class='ocrx_word' id='word_1_31' title='bbox 158 1112 364 1194; x_wconf 80' lang='lat' dir='ltr'>pervenerint</span> <span class='ocrx_word' id='word_1_32' title='bbox 379 1133 387 1177; x_wconf 76' lang='grc' dir='ltr'><strong>ι</strong></span> <span class='ocrx_word' id='word_1_33' title='bbox 408 1111 483 1195; x_wconf 86' lang='lat' dir='ltr'><strong>ejue</strong></span> <span class='ocrx_word' id='word_1_34' title='bbox 498 1113 619 1176; x_wconf 79' lang='lat' dir='ltr'><strong>etenim</strong></span> <span class='ocrx_word' id='word_1_35' title='bbox 634 1112 778 1177; x_wconf 86' lang='lat' dir='ltr'><strong>debello</strong></span> <span class='ocrx_word' id='word_1_36' title='bbox 790 1110 937 1195; x_wconf 66' lang='lat' dir='ltr'><strong>&#39;liojano</strong></span> <span class='ocrx_word' id='word_1_37' title='bbox 951 1111 1074 1197; x_wconf 69' lang='lat' dir='ltr'><strong>poema</strong></span> <span class='ocrx_word' id='word_1_38' title='bbox 1087 1096 1247 1177; x_wconf 69' lang='lat' dir='ltr'><strong>Germani</strong></span> 
     </span>
     <span class='ocr_line' id='line_1_7' title="bbox 160 1212 1247 1300; baseline 0.001 -24"><span class='ocrx_word' id='word_1_39' title='bbox 160 1213 261 1277; x_wconf 82' lang='lat' dir='ltr'><strong>semel</strong></span> <span class='ocrx_word' id='word_1_40' title='bbox 277 1221 377 1297; x_wconf 91' lang='lat' dir='ltr'><strong>atque</strong></span> <span class='ocrx_word' id='word_1_41' title='bbox 391 1214 511 1278; x_wconf 89' lang='lat' dir='ltr'><strong>itemm</strong></span> <span class='ocrx_word' id='word_1_42' title='bbox 535 1214 599 1279; x_wconf 88' lang='lat' dir='ltr'><strong>snb</strong></span> <span class='ocrx_word' id='word_1_43' title='bbox 623 1212 769 1278; x_wconf 90' lang='lat' dir='ltr'><strong>Cornelii</strong></span> <span class='ocrx_word' id='word_1_44' title='bbox 791 1212 935 1298; x_wconf 80' lang='lat' dir='ltr'>Nepotis</span> <span class='ocrx_word' id='word_1_45' title='bbox 950 1216 1081 1280; x_wconf 88' lang='lat' dir='ltr'><strong>nomino</strong></span> <span class='ocrx_word' id='word_1_46' title='bbox 1096 1213 1247 1300; x_wconf 76' lang='lat' dir='ltr'><strong>divulga-</strong></span> 
     </span>
     <span class='ocr_line' id='line_1_8' title="bbox 156 1322 242 1380; baseline -0.023 -1"><span class='ocrx_word' id='word_1_47' title='bbox 156 1322 242 1380; x_wconf 89' lang='lat' dir='ltr'><strong>rnnt.</strong></span> 
     </span>
    </p>
   </div>
   <div class='ocr_carea' id='block_1_4' title="bbox 621 1483 785 1548">
    <p class='ocr_par' dir='ltr' id='par_1_4' title="bbox 621 1483 785 1548">
     <span class='ocr_line' id='line_1_9' title="bbox 621 1483 785 1548; baseline 0.006 -1"><span class='ocrx_word' id='word_1_48' title='bbox 621 1483 716 1548; x_wconf 86' lang='lat' dir='ltr'>Idem</span> <span class='ocrx_word' id='word_1_49' title='bbox 730 1483 785 1548; x_wconf 77' lang='grc'><strong>33.</strong></span> 
     </span>
    </p>
   </div>
   <div class='ocr_carea' id='block_1_5' title="bbox 156 1615 1248 2719">
    <p class='ocr_par' dir='ltr' id='par_1_5' title="bbox 157 1615 1247 1986">
     <span class='ocr_line' id='line_1_10' title="bbox 201 1615 1246 1696; baseline -0.002 -14"><span class='ocrx_word' id='word_1_50' title='bbox 201 1617 303 1696; x_wconf 88' lang='lat' dir='ltr'><strong>Quod</strong></span> <span class='ocrx_word' id='word_1_51' title='bbox 334 1636 412 1682; x_wconf 83' lang='lat' dir='ltr'><strong>vero</strong></span> <span class='ocrx_word' id='word_1_52' title='bbox 441 1617 621 1683; x_wconf 72' lang='lat' dir='ltr'><strong>Britannos</strong></span> <span class='ocrx_word' id='word_1_53' title='bbox 649 1636 716 1683; x_wconf 87' lang='lat' dir='ltr'><strong>uua</strong></span> <span class='ocrx_word' id='word_1_54' title='bbox 745 1635 823 1682; x_wconf 88' lang='lat' dir='ltr'><strong>enm</strong></span> <span class='ocrx_word' id='word_1_55' title='bbox 845 1615 996 1683; x_wconf 79' lang='lat' dir='ltr'><strong>Hercule</strong></span> <span class='ocrx_word' id='word_1_56' title='bbox 1017 1618 1054 1682; x_wconf 88' lang='lat' dir='ltr'><strong>in</strong></span> <span class='ocrx_word' id='word_1_57' title='bbox 1075 1616 1246 1681; x_wconf 77' lang='lat' dir='ltr'><strong>Hesiones</strong></span> 
     </span>
     <span class='ocr_line' id='line_1_11' title="bbox 158 1717 1247 1803; baseline -0.003 -19"><span class='ocrx_word' id='word_1_58' title='bbox 158 1728 257 1803; x_wconf 89' lang='lat' dir='ltr'><strong>raptu</strong></span> <span class='ocrx_word' id='word_1_59' title='bbox 286 1718 422 1783; x_wconf 77' lang='lat' dir='ltr'><strong>affuisse</strong></span> <span class='ocrx_word' id='word_1_60' title='bbox 444 1718 629 1802; x_wconf 82' lang='lat' dir='ltr'><strong>colligatur,</strong></span> <span class='ocrx_word' id='word_1_61' title='bbox 652 1738 694 1783; x_wconf 84' lang='lat' dir='ltr'><strong>ex</strong></span> <span class='ocrx_word' id='word_1_62' title='bbox 731 1718 783 1783; x_wconf 86' lang='lat' dir='ltr'><strong>his</strong></span> <span class='ocrx_word' id='word_1_63' title='bbox 806 1717 962 1797; x_wconf 85' lang='lat' dir='ltr'><strong>Cornelii,</strong></span> <span class='ocrx_word' id='word_1_64' title='bbox 983 1726 1023 1783; x_wconf 89' lang='lat' dir='ltr'><strong>nt</strong></span> <span class='ocrx_word' id='word_1_65' title='bbox 1043 1718 1247 1793; x_wconf 83' lang='lat' dir='ltr'><strong>existimant,</strong></span> 
     </span>
     <span class='ocr_line' id='line_1_12' title="bbox 159 1816 1247 1904; baseline -0.002 -19"><span class='ocrx_word' id='word_1_66' title='bbox 159 1820 304 1903; x_wconf 79' lang='lat' dir='ltr'><strong>Nepotis</strong></span> <span class='ocrx_word' id='word_1_67' title='bbox 319 1821 480 1899; x_wconf 78' lang='lat' dir='ltr'><strong>versibus,</strong></span> <span class='ocrx_word' id='word_1_68' title='bbox 501 1820 581 1885; x_wconf 87' lang='lat' dir='ltr'><strong>dum</strong></span> <span class='ocrx_word' id='word_1_69' title='bbox 603 1820 735 1904; x_wconf 81' lang='lat' dir='ltr'><strong>nuptias</strong></span> <span class='ocrx_word' id='word_1_70' title='bbox 749 1820 941 1886; x_wconf 79' lang='lat' dir='ltr'><strong>Telamonia</strong></span> <span class='ocrx_word' id='word_1_71' title='bbox 953 1826 988 1885; x_wconf 89' lang='lat' dir='ltr'><strong>et</strong></span> <span class='ocrx_word' id='word_1_72' title='bbox 1001 1816 1173 1886; x_wconf 69' lang='lat' dir='ltr'><strong>Hesiones</strong></span> <span class='ocrx_word' id='word_1_73' title='bbox 1187 1819 1247 1883; x_wconf 83' lang='lat' dir='ltr'><strong>de·</strong></span> 
     </span>
     <span class='ocr_line' id='line_1_13' title="bbox 157 1920 398 1986; baseline -0.008 -1"><span class='ocrx_word' id='word_1_74' title='bbox 157 1920 274 1985; x_wconf 80' lang='lat' dir='ltr'><strong>eoribit</strong></span> <span class='ocrx_word' id='word_1_75' title='bbox 289 1936 329 1985; x_wconf 88' lang='grc' dir='ltr'><strong>ιι.</strong></span> <span class='ocrx_word' id='word_1_76' title='bbox 343 1920 398 1986; x_wconf 84' lang='grc'><strong>87.</strong></span> 
     </span>
    </p>

    <p class='ocr_par' dir='ltr' id='par_1_6' title="bbox 156 2023 1248 2719">
     <span class='ocr_line' id='line_1_14' title="bbox 370 2023 1018 2108; baseline 0.005 -21"><span class='ocrx_word' id='word_1_77' title='bbox 370 2023 451 2087; x_wconf 90' lang='lat' dir='ltr'><strong>etin</strong></span> <span class='ocrx_word' id='word_1_78' title='bbox 465 2042 564 2089; x_wconf 76' lang='lat' dir='ltr'><strong>arama</strong></span> <span class='ocrx_word' id='word_1_79' title='bbox 578 2024 704 2108; x_wconf 87' lang='lat' dir='ltr'><strong>poenta</strong></span> <span class='ocrx_word' id='word_1_80' title='bbox 716 2024 784 2089; x_wconf 84' lang='lat' dir='ltr'><strong>foai</strong></span> <span class='ocrx_word' id='word_1_81' title='bbox 1015 2070 1018 2074; x_wconf 87' lang='lat'>-</span> 
     </span>
     <span class='ocr_line' id='line_1_15' title="bbox 242 2123 1116 2209; baseline 0.001 -21"><span class='ocrx_word' id='word_1_82' title='bbox 242 2123 387 2191; x_wconf 88' lang='lat' dir='ltr'><strong>Invitant</strong></span> <span class='ocrx_word' id='word_1_83' title='bbox 401 2142 475 2191; x_wconf 83' lang='lat' dir='ltr'><strong>aeae</strong></span> <span class='ocrx_word' id='word_1_84' title='bbox 489 2124 614 2209; x_wconf 84' lang='lat' dir='ltr'><strong>pataria</strong></span> <span class='ocrx_word' id='word_1_85' title='bbox 629 2126 725 2209; x_wconf 82' lang='lat' dir='ltr'><strong>plebs</strong></span> <span class='ocrx_word' id='word_1_86' title='bbox 739 2127 860 2204; x_wconf 87' lang='lat' dir='ltr'><strong>mixta,</strong></span> <span class='ocrx_word' id='word_1_87' title='bbox 876 2127 1040 2203; x_wconf 86' lang='lat' dir='ltr'><strong>Britanni,</strong></span> <span class='ocrx_word' id='word_1_88' title='bbox 1053 2129 1116 2191; x_wconf 79' lang='lat' dir='ltr'><strong>tto.</strong></span> 
     </span>
     <span class='ocr_line' id='line_1_16' title="bbox 157 2223 1246 2310; baseline 0 -21"><span class='ocrx_word' id='word_1_89' title='bbox 157 2223 263 2289; x_wconf 88' lang='lat' dir='ltr'><strong>Plane</strong></span> <span class='ocrx_word' id='word_1_90' title='bbox 278 2225 446 2310; x_wconf 74' lang='lat' dir='ltr'><strong>potitiorum</strong></span> <span class='ocrx_word' id='word_1_91' title='bbox 458 2233 531 2292; x_wconf 76' lang='lat' dir='ltr'><strong>est:</strong></span> <span class='ocrx_word' id='word_1_92' title='bbox 547 2231 581 2291; x_wconf 88' lang='lat' dir='ltr'><strong>et</strong></span> <span class='ocrx_word' id='word_1_93' title='bbox 587 2227 678 2292; x_wconf 81' lang='lat' dir='ltr'><strong>illiue</strong></span> <span class='ocrx_word' id='word_1_94' title='bbox 689 2232 861 2293; x_wconf 82' lang='lat' dir='ltr'><strong>auctorem</strong></span> <span class='ocrx_word' id='word_1_95' title='bbox 868 2248 934 2293; x_wconf 91' lang='lat' dir='ltr'><strong>non</strong></span> <span class='ocrx_word' id='word_1_96' title='bbox 942 2227 1048 2291; x_wconf 79' lang='lat' dir='ltr'><strong>suisne</strong></span> <span class='ocrx_word' id='word_1_97' title='bbox 1056 2224 1246 2291; x_wconf 80' lang='lat' dir='ltr'><strong>Cornelium</strong></span> 
     </span>
     <span class='ocr_line' id='line_1_17' title="bbox 158 2324 1247 2414; baseline -0.002 -24"><span class='ocrx_word' id='word_1_98' title='bbox 158 2324 335 2410; x_wconf 81' lang='lat' dir='ltr'><strong>Nepotem,</strong></span> <span class='ocrx_word' id='word_1_99' title='bbox 358 2333 393 2392; x_wconf 87' lang='lat' dir='ltr'><strong>ut</strong></span> <span class='ocrx_word' id='word_1_100' title='bbox 407 2326 563 2393; x_wconf 87' lang='lat' dir='ltr'><strong>Germani</strong></span> <span class='ocrx_word' id='word_1_101' title='bbox 578 2329 705 2408; x_wconf 83' lang='lat' dir='ltr'><strong>volunt,</strong></span> <span class='ocrx_word' id='word_1_102' title='bbox 727 2329 786 2394; x_wconf 83' lang='lat' dir='ltr'><strong>aed</strong></span> <span class='ocrx_word' id='word_1_103' title='bbox 802 2330 825 2395; x_wconf 84' lang='lat' dir='ltr'>J</span> <span class='ocrx_word' id='word_1_104' title='bbox 826 2330 985 2414; x_wconf 84' lang='lat' dir='ltr'><strong>osephnm</strong></span> <span class='ocrx_word' id='word_1_105' title='bbox 1001 2328 1160 2393; x_wconf 85' lang='lat' dir='ltr'><strong>Iscauum</strong></span> <span class='ocrx_word' id='word_1_106' title='bbox 1174 2327 1247 2389; x_wconf 85' lang='lat' dir='ltr'><strong>aive</strong></span> 
     </span>
     <span class='ocr_line' id='line_1_18' title="bbox 157 2428 1248 2517; baseline 0 -23"><span class='ocrx_word' id='word_1_107' title='bbox 157 2428 390 2507; x_wconf 84' lang='lat' dir='ltr'><strong>Exoniensern,</strong></span> <span class='ocrx_word' id='word_1_108' title='bbox 417 2429 562 2496; x_wconf 85' lang='lat' dir='ltr'><strong>dilucide</strong></span> <span class='ocrx_word' id='word_1_109' title='bbox 583 2436 616 2496; x_wconf 83' lang='lat' dir='ltr'><strong>et</strong></span> <span class='ocrx_word' id='word_1_110' title='bbox 636 2432 732 2517; x_wconf 80' lang='lat' dir='ltr'><strong>quani</strong></span> <span class='ocrx_word' id='word_1_111' title='bbox 753 2431 943 2516; x_wconf 73' lang='lat' dir='ltr'><strong>obsignatis</strong></span> <span class='ocrx_word' id='word_1_112' title='bbox 963 2431 1086 2496; x_wconf 74' lang='lat' dir='ltr'><strong>tabuiis</strong></span> <span class='ocrx_word' id='word_1_113' title='bbox 1106 2429 1248 2513; x_wconf 77' lang='lat' dir='ltr'><strong>probare</strong></span> 
     </span>
     <span class='ocr_line' id='line_1_19' title="bbox 156 2531 1247 2617; baseline 0.002 -23"><span class='ocrx_word' id='word_1_114' title='bbox 156 2549 307 2614; x_wconf 82' lang='lat' dir='ltr'><strong>possum.</strong></span> <span class='ocrx_word' id='word_1_115' title='bbox 351 2531 477 2615; x_wconf 87' lang='lat' dir='ltr'><strong>Utique</strong></span> <span class='ocrx_word' id='word_1_116' title='bbox 506 2533 565 2617; x_wconf 89' lang='lat' dir='ltr'><strong>qni</strong></span> <span class='ocrx_word' id='word_1_117' title='bbox 591 2534 732 2598; x_wconf 87' lang='lat' dir='ltr'><strong>Henrici</strong></span> <span class='ocrx_word' id='word_1_118' title='bbox 756 2535 859 2598; x_wconf 80' lang='lat' dir='ltr'><strong>nostri</strong></span> <span class='ocrx_word' id='word_1_119' title='bbox 889 2533 1027 2598; x_wconf 77' lang='lat' dir='ltr'><strong>secundi</strong></span> <span class='ocrx_word' id='word_1_120' title='bbox 1053 2539 1087 2596; x_wconf 90' lang='lat' dir='ltr'><strong>et</strong></span> <span class='ocrx_word' id='word_1_121' title='bbox 1107 2531 1247 2596; x_wconf 80' lang='lat' dir='ltr'><strong>&#39;l&#39;hoantu</strong></span> 
     </span>
     <span class='ocr_line' id='line_1_20' title="bbox 156 2631 886 2719; baseline 0.001 -22"><span class='ocrx_word' id='word_1_122' title='bbox 156 2631 405 2698; x_wconf 83' lang='lat' dir='ltr'><strong>Cantuarienais</strong></span> <span class='ocrx_word' id='word_1_123' title='bbox 419 2633 677 2719; x_wconf 83' lang='lat' dir='ltr'><strong>Archiepiacopi</strong></span> <span class='ocrx_word' id='word_1_124' title='bbox 692 2633 886 2700; x_wconf 87' lang='lat' dir='ltr'><strong>meminerit.</strong></span> 
     </span>
    </p>
   </div>
   <div class='ocr_carea' id='block_1_6' title="bbox 605 2855 801 2922">
    <p class='ocr_par' dir='ltr' id='par_1_7' title="bbox 605 2855 801 2922">
     <span class='ocr_line' id='line_1_21' title="bbox 605 2855 801 2922; baseline -0.005 -1"><span class='ocrx_word' id='word_1_125' title='bbox 605 2855 702 2921; x_wconf 89' lang='lat' dir='ltr'><strong>Idem</strong></span> <span class='ocrx_word' id='word_1_126' title='bbox 725 2856 801 2922; x_wconf 89' lang='grc'><strong>160.</strong></span> 
     </span>
    </p>
   </div>
   <div class='ocr_carea' id='block_1_7' title="bbox 155 3001 1249 3297">
    <p class='ocr_par' dir='ltr' id='par_1_8' title="bbox 155 3001 1249 3297">
     <span class='ocr_line' id='line_1_22' title="bbox 200 3001 1248 3094; baseline -0.001 -25"><span class='ocrx_word' id='word_1_127' title='bbox 200 3002 274 3070; x_wconf 88' lang='lat' dir='ltr'><strong>Neo</strong></span> <span class='ocrx_word' id='word_1_128' title='bbox 289 3005 351 3070; x_wconf 80' lang='lat' dir='ltr'><strong>aba</strong></span> <span class='ocrx_word' id='word_1_129' title='bbox 366 3025 402 3071; x_wconf 92' lang='lat' dir='ltr'><strong>re</strong></span> <span class='ocrx_word' id='word_1_130' title='bbox 416 3008 490 3086; x_wconf 90' lang='lat' dir='ltr'><strong>erit,</strong></span> <span class='ocrx_word' id='word_1_131' title='bbox 513 3008 543 3073; x_wconf 81' lang='lat' dir='ltr'><strong>ai</strong></span> <span class='ocrx_word' id='word_1_132' title='bbox 557 3027 633 3094; x_wconf 78' lang='lat' dir='ltr'><strong>quaa</strong></span> <span class='ocrx_word' id='word_1_133' title='bbox 647 3008 671 3073; x_wconf 83' lang='lat' dir='ltr'>J</span> <span class='ocrx_word' id='word_1_134' title='bbox 672 3008 822 3092; x_wconf 82' lang='lat' dir='ltr'><strong>osephua</strong></span> <span class='ocrx_word' id='word_1_135' title='bbox 842 3011 954 3072; x_wconf 75' lang='lat' dir='ltr'><strong>noster</strong></span> <span class='ocrx_word' id='word_1_136' title='bbox 968 3004 1110 3070; x_wconf 78' lang='lat' dir='ltr'><strong>Iaoanua</strong></span> <span class='ocrx_word' id='word_1_137' title='bbox 1121 3021 1191 3067; x_wconf 90' lang='lat' dir='ltr'><strong>non</strong></span> <span class='ocrx_word' id='word_1_138' title='bbox 1205 3001 1248 3068; x_wconf 81' lang='lat' dir='ltr'><strong>de</strong></span> 
     </span>
     <span class='ocr_line' id='line_1_23' title="bbox 155 3105 1249 3189; baseline 0.002 -20"><span class='ocrx_word' id='word_1_139' title='bbox 155 3106 280 3188; x_wconf 81' lang='lat' dir='ltr'><strong>populo</strong></span> <span class='ocrx_word' id='word_1_140' title='bbox 293 3107 401 3176; x_wconf 74' lang='lat' dir='ltr'><strong>Poiita</strong></span> <span class='ocrx_word' id='word_1_141' title='bbox 413 3110 493 3176; x_wconf 87' lang='lat' dir='ltr'><strong>olim</strong></span> <span class='ocrx_word' id='word_1_142' title='bbox 507 3111 541 3175; x_wconf 91' lang='lat' dir='ltr'><strong>in</strong></span> <span class='ocrx_word' id='word_1_143' title='bbox 556 3129 621 3176; x_wconf 83' lang='lat' dir='ltr'><strong>ana</strong></span> <span class='ocrx_word' id='word_1_144' title='bbox 633 3109 864 3189; x_wconf 78' lang='lat' dir='ltr'><strong>Antiocheide,</strong></span> <span class='ocrx_word' id='word_1_145' title='bbox 877 3110 912 3174; x_wconf 86' lang='lat' dir='ltr'><strong>in</strong></span> <span class='ocrx_word' id='word_1_146' title='bbox 925 3107 1107 3173; x_wconf 74' lang='lat' dir='ltr'><strong>Artiumm</strong></span> <span class='ocrx_word' id='word_1_147' title='bbox 1118 3105 1249 3181; x_wconf 71' lang='lat' dir='ltr'><strong>cecinit,</strong></span> 
     </span>
     <span class='ocr_line' id='line_1_24' title="bbox 155 3207 1108 3297; baseline 0.002 -25"><span class='ocrx_word' id='word_1_148' title='bbox 155 3207 211 3273; x_wconf 87' lang='lat' dir='ltr'><strong>trio</strong></span> <span class='ocrx_word' id='word_1_149' title='bbox 227 3207 415 3296; x_wconf 74' lang='lat' dir='ltr'><strong>adjungam.</strong></span> <span class='ocrx_word' id='word_1_150' title='bbox 458 3212 600 3297; x_wconf 71' lang='lat' dir='ltr'><strong>[Versus</strong></span> <span class='ocrx_word' id='word_1_151' title='bbox 612 3213 718 3278; x_wconf 83' lang='lat' dir='ltr'><strong>habea</strong></span> <span class='ocrx_word' id='word_1_152' title='bbox 730 3212 766 3278; x_wconf 89' lang='lat' dir='ltr'><strong>in</strong></span> <span class='ocrx_word' id='word_1_153' title='bbox 780 3211 844 3276; x_wconf 82' lang='lat' dir='ltr'><strong>fine</strong></span> <span class='ocrx_word' id='word_1_154' title='bbox 856 3210 1024 3276; x_wconf 86' lang='lat' dir='ltr'><strong>Notarum</strong></span> <span class='ocrx_word' id='word_1_155' title='bbox 1036 3207 1108 3287; x_wconf 79' lang='grc' dir='ltr'><strong>ιιι]</strong></span> 
     </span>
    </p>
   </div>
   <div class='ocr_carea' id='block_1_8' title="bbox 607 3421 798 3487">
    <p class='ocr_par' dir='ltr' id='par_1_9' title="bbox 607 3421 798 3487">
     <span class='ocr_line' id='line_1_25' title="bbox 607 3421 798 3487; baseline -0.005 0"><span class='ocrx_word' id='word_1_156' title='bbox 607 3421 701 3487; x_wconf 88' lang='lat' dir='ltr'><strong>Idem</strong></span> <span class='ocrx_word' id='word_1_157' title='bbox 720 3421 798 3486; x_wconf 73' lang='lat' dir='ltr'><strong>aul.</strong></span> 
     </span>
    </p>
   </div>
   <div class='ocr_carea' id='block_1_9' title="bbox 154 3537 1249 4250">
    <p class='ocr_par' dir='ltr' id='par_1_10' title="bbox 154 3537 1249 3923">
     <span class='ocr_line' id='line_1_26' title="bbox 200 3537 1247 3639; baseline -0.001 -22"><span class='ocrx_word' id='word_1_158' title='bbox 200 3553 271 3617; x_wconf 84' lang='lat' dir='ltr'><strong>Hie</strong></span> <span class='ocrx_word' id='word_1_159' title='bbox 284 3553 340 3618; x_wconf 87' lang='lat' dir='ltr'><strong>ille</strong></span> <span class='ocrx_word' id='word_1_160' title='bbox 355 3561 407 3621; x_wconf 82' lang='lat' dir='ltr'><strong>eat</strong></span> <span class='ocrx_word' id='word_1_161' title='bbox 421 3552 553 3633; x_wconf 67' lang='lat' dir='ltr'><strong>Scaeva,</strong></span> <span class='ocrx_word' id='word_1_162' title='bbox 576 3553 675 3639; x_wconf 74' lang='lat' dir='ltr'><strong>cujus</strong></span> <span class='ocrx_word' id='word_1_163' title='bbox 690 3545 796 3619; x_wconf 83' lang='lat' dir='ltr'><strong>virtue</strong></span> <span class='ocrx_word' id='word_1_164' title='bbox 810 3544 844 3618; x_wconf 84' lang='lat' dir='ltr'><strong>in</strong></span> <span class='ocrx_word' id='word_1_165' title='bbox 857 3551 949 3618; x_wconf 79' lang='lat' dir='ltr'><strong>bello</strong></span> <span class='ocrx_word' id='word_1_166' title='bbox 963 3541 1056 3617; x_wconf 85' lang='lat' dir='ltr'><strong>civili</strong></span> <span class='ocrx_word' id='word_1_167' title='bbox 1071 3537 1247 3637; x_wconf 81' lang='lat' dir='ltr'><strong>Dyrrachii</strong></span> 
     </span>
     <span class='ocr_line' id='line_1_27' title="bbox 154 3653 1246 3744; baseline -0.006 -21"><span class='ocrx_word' id='word_1_168' title='bbox 154 3655 339 3724; x_wconf 83' lang='lat' dir='ltr'><strong>ciarisaime</strong></span> <span class='ocrx_word' id='word_1_169' title='bbox 354 3657 500 3736; x_wconf 85' lang='lat' dir='ltr'><strong>emicuit,</strong></span> <span class='ocrx_word' id='word_1_170' title='bbox 517 3675 683 3744; x_wconf 88' lang='lat' dir='ltr'><strong>quemque</strong></span> <span class='ocrx_word' id='word_1_171' title='bbox 696 3657 832 3722; x_wconf 85' lang='lat' dir='ltr'><strong>natione</strong></span> <span class='ocrx_word' id='word_1_172' title='bbox 847 3656 1044 3722; x_wconf 87' lang='lat' dir='ltr'><strong>Britannum</strong></span> <span class='ocrx_word' id='word_1_173' title='bbox 1056 3654 1161 3720; x_wconf 78' lang='lat' dir='ltr'><strong>fuisse</strong></span> <span class='ocrx_word' id='word_1_174' title='bbox 1176 3653 1246 3717; x_wconf 90' lang='lat' dir='ltr'><strong>Po-</strong></span> 
     </span>
     <span class='ocr_line' id='line_1_28' title="bbox 154 3751 1249 3850; baseline -0.004 -28"><span class='ocrx_word' id='word_1_175' title='bbox 154 3757 212 3822; x_wconf 72' lang='lat' dir='ltr'><strong>eta</strong></span> <span class='ocrx_word' id='word_1_176' title='bbox 228 3761 341 3821; x_wconf 83' lang='lat' dir='ltr'><strong>noster</strong></span> <span class='ocrx_word' id='word_1_177' title='bbox 353 3755 377 3820; x_wconf 83' lang='lat' dir='ltr'>J</span> <span class='ocrx_word' id='word_1_178' title='bbox 379 3757 521 3840; x_wconf 84' lang='lat' dir='ltr'><strong>oeephue</strong></span> <span class='ocrx_word' id='word_1_179' title='bbox 535 3761 570 3825; x_wconf 92' lang='lat' dir='ltr'><strong>in</strong></span> <span class='ocrx_word' id='word_1_180' title='bbox 586 3756 808 3850; x_wconf 80' lang='lat' dir='ltr'><strong>Antiooheide</strong></span> <span class='ocrx_word' id='word_1_181' title='bbox 821 3757 944 3842; x_wconf 84' lang='lat' dir='ltr'><strong>prodit,</strong></span> <span class='ocrx_word' id='word_1_182' title='bbox 952 3756 1006 3822; x_wconf 86' lang='lat' dir='ltr'><strong>his</strong></span> <span class='ocrx_word' id='word_1_183' title='bbox 1020 3757 1061 3821; x_wconf 88' lang='lat' dir='ltr'><strong>de</strong></span> <span class='ocrx_word' id='word_1_184' title='bbox 1074 3751 1249 3821; x_wconf 86' lang='lat' dir='ltr'><strong>Britannia</strong></span> 
     </span>
     <span class='ocr_line' id='line_1_29' title="bbox 156 3857 328 3923; baseline 0 -1"><span class='ocrx_word' id='word_1_185' title='bbox 156 3857 328 3923; x_wconf 82' lang='lat' dir='ltr'><strong>versibus:</strong></span> 
     </span>
    </p>

    <p class='ocr_par' dir='ltr' id='par_1_11' title="bbox 241 3955 1182 4250">
     <span class='ocr_line' id='line_1_30' title="bbox 241 3955 1170 4052; baseline -0.008 -28"><span class='ocrx_word' id='word_1_186' title='bbox 241 3957 334 4024; x_wconf 87' lang='lat' dir='ltr'><strong>Hinc</strong></span> <span class='ocrx_word' id='word_1_187' title='bbox 349 3963 384 4024; x_wconf 88' lang='lat' dir='ltr'><strong>et</strong></span> <span class='ocrx_word' id='word_1_188' title='bbox 398 3957 519 4025; x_wconf 74' lang='lat' dir='ltr'><strong>Scaeua</strong></span> <span class='ocrx_word' id='word_1_189' title='bbox 533 3967 639 4052; x_wconf 81' lang='lat' dir='ltr'><strong>satus,</strong></span> <span class='ocrx_word' id='word_1_190' title='bbox 653 3981 732 4046; x_wconf 82' lang='lat' dir='ltr'><strong>para</strong></span> <span class='ocrx_word' id='word_1_191' title='bbox 747 3979 814 4025; x_wconf 89' lang='lat' dir='ltr'><strong>non</strong></span> <span class='ocrx_word' id='word_1_192' title='bbox 830 3959 975 4024; x_wconf 81' lang='lat' dir='ltr'><strong>obscura</strong></span> <span class='ocrx_word' id='word_1_193' title='bbox 989 3955 1151 4022; x_wconf 86' lang='lat' dir='ltr'><strong>tumultus</strong></span> <span class='ocrx_word' id='word_1_194' title='bbox 1166 4016 1170 4040; x_wconf 37' lang='lat'>2</span> 
     </span>
     <span class='ocr_line' id='line_1_31' title="bbox 241 4058 951 4147; baseline -0.001 -24"><span class='ocrx_word' id='word_1_195' title='bbox 241 4059 373 4137; x_wconf 85' lang='lat' dir='ltr'><strong>Civilis,</strong></span> <span class='ocrx_word' id='word_1_196' title='bbox 386 4058 546 4142; x_wconf 81' lang='lat' dir='ltr'><strong>Magnum</strong></span> <span class='ocrx_word' id='word_1_197' title='bbox 563 4063 654 4128; x_wconf 79' lang='lat' dir='ltr'><strong>noina</strong></span> <span class='ocrx_word' id='word_1_198' title='bbox 668 4063 726 4147; x_wconf 92' lang='lat' dir='ltr'><strong>qui</strong></span> <span class='ocrx_word' id='word_1_199' title='bbox 738 4062 823 4127; x_wconf 89' lang='lat' dir='ltr'><strong>mole</strong></span> <span class='ocrx_word' id='word_1_200' title='bbox 839 4060 951 4123; x_wconf 84' lang='lat' dir='ltr'><strong>soluta</strong></span> 
     </span>
     <span class='ocr_line' id='line_1_32' title="bbox 241 4160 1182 4250; baseline -0.005 -24"><span class='ocrx_word' id='word_1_201' title='bbox 241 4160 396 4242; x_wconf 78' lang='lat' dir='ltr'><strong>Obsedit,</strong></span> <span class='ocrx_word' id='word_1_202' title='bbox 411 4162 600 4248; x_wconf 83' lang='lat' dir='ltr'><strong>meliorque</strong></span> <span class='ocrx_word' id='word_1_203' title='bbox 608 4165 702 4230; x_wconf 80' lang='lat' dir='ltr'><strong>stetit</strong></span> <span class='ocrx_word' id='word_1_204' title='bbox 713 4182 775 4250; x_wconf 91' lang='lat' dir='ltr'><strong>pro</strong></span> <span class='ocrx_word' id='word_1_205' title='bbox 790 4163 926 4228; x_wconf 71' lang='lat' dir='ltr'><strong>Caesare</strong></span> <span class='ocrx_word' id='word_1_206' title='bbox 941 4177 1066 4225; x_wconf 81' lang='lat' dir='ltr'><strong>muron.</strong></span> <span class='ocrx_word' id='word_1_207' title='bbox 1176 4163 1182 4172; x_wconf 82' lang='lat'>&#39;</span> 
     </span>
    </p>
   </div>
   <div class='ocr_carea' id='block_1_10' title="bbox 0 0 1484 4875">
    <p class='ocr_par' dir='ltr' id='par_1_12' title="bbox 0 0 1484 4875">
     <span class='ocr_line' id='line_1_33' title="bbox 0 0 1484 4875; baseline 0 0"><span class='ocrx_word' id='word_1_208' title='bbox 0 0 1484 4875; x_wconf 95' lang='lat' dir='ltr'><strong> </strong></span> 
     </span>
    </p>
   </div>
  </div>
 </body>
</html>
