2959 4875
499 370 547 417 nu
573 370 639 445 ιιιι
667 370 836 419 uxorato.
1173 357 1214 420 lt

19 536 20 553 ι
121 510 283 591 apposite
298 517 374 573 sunt
395 510 452 573 27.
474 510 764 595 ιιιριττιι1,1ιοοεει,
786 530 808 575 a
820 512 886 575 tine
903 511 1011 593 primi,
1026 511 1068 577 ad
1083 514 1213 578 initium

122 609 270 685 secundi,
293 598 371 673 sunt
397 610 453 673 27.
472 608 612 695 ιιιριιιιιί.
656 610 804 675 Proinde
830 630 915 675 auno
937 612 989 675 12.
1015 611 1144 694 περιτταὶ
1157 613 1213 677 21.

121 712 289 774 attributae
312 708 515 791 significant,
531 710 631 776 atine
653 712 800 776 anni‘ll.
823 710 866 775 ad
892 711 1018 775 initium
1030 714 1082 775 12.
1105 713 1211 777 fuisse

119 813 249 894 ιιιριπὰς
263 808 367 893 ἡμέρας
378 810 434 875 21.
448 828 532 893 quas
549 819 659 875 tamen
670 810 859 895 Dionysius
871 814 923 875 15.
939 818 1071 876 tantum
1083 819 1210 890 censet,

119 910 300 975 excludens
322 912 479 975 nimirum
492 912 525 975 8.
539 911 622 976 Julii
637 899 776 975 ahillis.
819 905 948 974 Rursus
970 930 1046 974 cum
1068 911 1211 975 dicimus

118 1010 334 1090 plenilunium
358 1011 477 1085 luisse,
500 1012 715 1091 intelligimus
745 1010 924 1074 secundum
952 1029 1050 1073 usum
1078 1010 1210 1093 periodi

118 1108 256 1188 Ardea,
270 1120 307 1175 et
321 1120 359 1176 ui
375 1113 556 1195 Dionysius
571 1111 630 1189 ait,
644 1112 737 1197 ὅστις
758 1117 804 1177 νῦν
825 1116 850 1175 oi
860 1110 998 1186 Ἀθηναῖοι
1016 1113 1080 1185 τοὺς
1091 1110 1210 1197 χρόνους

116 1212 233 1292 ἄγουσι,
253 1211 346 1293 quod
369 1210 625 1295 prudentissime
640 1212 683 1275 ab
698 1232 740 1276 eo
753 1211 888 1275 dictum.
931 1211 1098 1277 Periodue
1119 1214 1208 1277 enim

117 1310 235 1375 Attica
242 1311 522 1375 accommodabat
536 1312 703 1375 novilunia
713 1311 969 1375 Tetrmteridum
978 1313 1106 1376 meula
1114 1312 1208 1395 Iphi·

118 1411 154 1486 ti,
169 1411 263 1477 iacta
285 1418 357 1475 erat
380 1411 470 1477 lnnae
493 1409 646 1498 ιιριῆγισις
667 1411 785 1477 harum
799 1412 853 1476 02.
896 1411 930 1475 Α
952 1413 1078 1477 uoeculo
1091 1419 1206 1476 autem

118 1512 221 1595 lphiti
254 1514 299 1577 ad
328 1514 531 1594 Dionysium
560 1512 912 1589 Halieumaasenuem,
942 1519 978 1576 et
1005 1512 1205 1596 Augustum,

116 1613 210 1677 bidui
224 1613 337 1678 solidi.
382 1611 496 1691 Quare
512 1616 636 1678 enaret
648 1614 706 1696 qni
726 1615 770 1677 ad
785 1614 870 1677 lune
886 1614 1031 1678 rationes
1048 1613 1123 1679 hee
1134 1616 1208 1677 exi·

115 1732 191 1793 gere
204 1714 321 1778 vellet.
365 1714 511 1797 Captum
528 1715 629 1795 igitur
647 1722 701 1777 est
715 1713 806 1778 llion
819 1732 908 1777 anno
921 1713 1049 1797 periodi
1059 1712 1082 1775 J
1084 1713 1205 1778 ulianae

115 1813 210 1879 auat.
221 1814 244 1879 J
246 1815 318 1878 unii
332 1816 386 1879 22.
429 1813 528 1879 Auno
543 1814 656 1879 mundi
671 1816 768 1881 2707.
792 1815 1002 1898 Didymouoe
1015 1822 1134 1897 quana
1147 1797 1207 1879 de·
1322 1861 1328 1870 ·

116 1915 213 1982 eima.
257 1914 442 1981 character
460 1916 619 1999 Zygonos
641 1918 673 1980 l.
697 1917 729 1980 9.
748 1916 804 1980 00.
819 1913 958 1980 Octobr.
973 1932 1007 1979 v.
1030 1914 1130 1980 Auno
1142 1915 1205 1981 Ju-

115 2014 216 2081 daico
239 2016 337 2083 2478.
380 2015 509 2079 Tamuz
524 2017 575 2079 14.
596 2016 690 2098 eujus
711 2016 882 2081 character
894 2015 927 2081 0,
942 2016 996 2079 14.
1008 2015 1086 2080 910.
1100 2020 1204 2099 atque

114 2116 166 2181 hic
178 2122 233 2181 est
248 2134 348 2181 verus
364 2134 471 2183 annue
492 2122 527 2179 et
546 2116 621 2179 dies
643 2117 736 2199 capti
758 2116 825 2180 Ilii.
867 2115 970 2192 Nam,
986 2121 1022 2180 ut
1043 2116 1203 2194 diximus,

113 2218 165 2281 25.
177 2215 420 2298 lhmgelionis,
436 2216 470 2279 in
489 2234 577 2279 anno
588 2216 686 2280 tertio
696 2214 932 2281 'l'etroeteridou
946 2214 1049 2280 hahet
1061 2215 1203 2298 plenilo-

113 2318 216 2381 nium.
260 2316 301 2381 In
324 2315 388 2380 hoc
420 2335 507 2379 anno
541 2316 671 2381 Tamna
696 2323 733 2379 et
761 2316 930 2398 Didymon
955 2318 1203 2383 concurrebant.

114 2416 257 2500 Epoeha
278 2417 387 2498 igitur,
404 2435 482 2499 quae
498 2436 605 2482 annos
627 2418 703 2482 407.
725 2416 900 2484 absolutos
920 2418 1015 2500 pouit
1040 2422 1117 2482 ante
1134 2416 1203 2502 pri·

113 2539 200 2582 mam
216 2517 468 2602 Olympiadem,
481 2525 533 2583 eet
555 2535 600 2582 ex
624 2519 791 2583 sententia
810 2516 1048 2582 Eratosthenis.
1091 2517 1202 2586 Vocc-

114 2625 164 2684 tur
186 2618 443 2684 Eratosthenem
488 2619 539 2684 Ea
566 2620 713 2684 omnium
736 2625 787 2682 eet
810 2618 1006 2685 certissima.
1050 2616 1089 2684 Iu
1116 2619 1202 2684 libro

19 2753 20 2782 l
113 2721 222 2801 primo
246 2739 324 2784 eum
353 2739 527 2802 ageremus
551 2721 594 2784 de
616 2719 765 2784 Perinde
779 2718 907 2795 Attica,
921 2737 984 2782 noe
999 2718 1202 2784 contulimus

19 2875 20 2896 2
113 2840 227 2884 caum
242 2820 300 2886 Ilii
314 2821 350 2884 iu
364 2819 439 2884 408.
458 2839 576 2884 annum
592 2830 672 2884 ante
685 2818 828 2901 primam
844 2816 1090 2900 Olympiadem.
1133 2816 1201 2882 Sed

113 2923 184 2988 haec
198 2922 317 3006 opinio
341 2921 384 2984 de
399 2923 474 2986 407.
490 2919 588 2983 annis
611 2918 707 3000 longe
729 2918 867 2982 certior.
909 2917 964 2981 Ex
978 2916 1031 2982 hie
1051 2915 1200 2982 eruditus

114 3023 232 3087 lector
256 3027 371 3105 potest
392 3021 561 3084 advertere
575 3025 701 3103 quanta
721 3019 850 3082 utilitas
871 3017 916 3080 sit
937 3018 972 3080 in
994 3017 1071 3082 anni
1094 3015 1201 3084 Attici

112 3123 274 3200 doctrine,
288 3131 323 3190 et
337 3141 438 3208 quam
452 3122 548 3204 lunge
560 3121 719 3185 fallantur
732 3120 791 3202 qui
805 3135 937 3183 menuae
947 3114 1200 3182 Atheniensium

113 3224 292 3306 populares
305 3223 350 3286 ad
365 3223 454 3288 lunae
467 3223 614 3288 rationes
628 3225 799 3297 revocant,
820 3226 856 3284 et
870 3216 1091 3282 Neomeniam
1113 3214 1198 3280 Hm-

19 3389 20 3402 ,
113 3324 349 3388 catomheonis
374 3323 409 3384 in
430 3321 532 3386 Jonio
553 3328 593 3385 ut
614 3320 794 3402 plurimum
819 3322 979 3382 statuunt.
1023 3314 1079 3379 De
1096 3314 1198 3378 variis

19 3417 20 3466 i
112 3426 198 3488 circa
218 3423 311 3486 hunc
331 3441 447 3486 casum
463 3425 610 3486 veterum
629 3418 804 3483 sententiis
825 3415 990 3481 adducam
1004 3415 1106 3478 verba
1121 3412 1197 3478 Olc-

111 3524 229 3590 meutie
244 3521 476 3588 Alexandrini.
520 3524 606 3586 Κατὰ
619 3521 647 3582 ii
669 3520 701 3582 ri
721 3514 959 3583 deramatam
973 3512 1031 3588 ἶτις
1041 3517 1090 3589 τῆς
1102 3515 1196 3599 'Apa-

111 3625 237 3705 μέμηνας
253 3621 407 3702 βασιλείας
423 3619 512 3686 Ἴλιον
525 3621 612 3699 icil-e,
628 3626 815 3702 Δημοφῶντος
829 3623 879 3682 τοῦ
896 3611 1007 3692 oasim
1030 3613 1196 3693 βασιλιῦοι·

111 3749 154 3800 τις
166 3727 294 3812 'alipes
309 3731 351 3811 τῷ
375 3722 478 3810 πρώτῳ
493 3721 558 3801 Ιι’τιι,
575 3727 775 3807 Θαργηλιῶνος
788 3719 872 3800 μηνὸς
886 3712 1000 3800 διιιίρρι
1011 3715 1055 3776 lat
1065 3713 1145 3792 dixe,
1158 3712 1195 3788 aiis

113 3845 173 3906 φησι
187 3826 333 3900 Διονύσιος
350 3827 515 3912 ὄἈργιῖος.
555 3821 659 3908 diplas
678 3821 706 3884 ii
722 3819 772 3884 nal
787 3816 932 3904 Δηρκῦλις
947 3818 974 3878 ia
986 3819 1022 3899 τῇ
1035 3812 1125 3900 rplrp,
1139 3839 1196 3894 μιρ·
1256 3836 1261 3847 ·

113 3933 148 4002 ris
171 3927 304 4009 Πανέμου
331 3925 413 4012 ὀγδόῃ
431 3923 577 4000 elicuerat,
597 3919 768 3995 Ἓλλαιῖιιος
790 3921 818 3981 tl
842 3916 980 4000 διιδιιιᾶτῃ
999 3920 1195 4000 Θαργηλιῶνος

19 4089 20 4102 .
114 4027 197 4108 uris,
210 4034 275 4094 &c-
319 4027 397 4094 Noa
412 4023 547 4090 Atticos
570 4027 696 4092 veriora
720 4018 902 4105 protulisse
922 4025 1092 4101 putamus,
1116 4023 1196 4106 Θαρ·

19 4121 20 4198 ἦ
114 4139 238 4216 piniana
252 4138 289 4215 τῇ
300 4129 378 4216 nti„
395 4127 544 4206 φθίνοντος.
