<?xml version="1.0" encoding="UTF-8"?>
<!DOCTYPE html PUBLIC "-//W3C//DTD XHTML 1.0 Transitional//EN"
    "http://www.w3.org/TR/xhtml1/DTD/xhtml1-transitional.dtd">
<html xmlns="http://www.w3.org/1999/xhtml" xml:lang="en" lang="en">
 <head>
  <title>
</title>
<meta http-equiv="Content-Type" content="text/html;charset=utf-8" />
  <meta name='ocr-system' content='tesseract 3.04.00' />
  <meta name='ocr-capabilities' content='ocr_page ocr_carea ocr_par ocr_line ocrx_word'/>
</head>
<body>
  <div class='ocr_page' id='page_1' title='image "./dictyscretensis00josegoog/dictyscretensis00josegoog_0270.png"; bbox 0 0 2959 4875; ppageno 0'>
   <div class='ocr_carea' id='block_1_1' title="bbox 228 322 969 389">
    <p class='ocr_par' dir='ltr' id='par_1_1' title="bbox 228 322 969 389">
     <span class='ocr_line' id='line_1_1' title="bbox 228 322 969 389; baseline -0.008 0"><span class='ocrx_word' id='word_1_1' title='bbox 228 322 294 389; x_wconf 76' lang='lat'><strong>266</strong></span> <span class='ocrx_word' id='word_1_2' title='bbox 580 334 739 385; x_wconf 77' lang='lat' dir='ltr'><strong>cicuras</strong></span> <span class='ocrx_word' id='word_1_3' title='bbox 764 331 969 383; x_wconf 81' lang='lat' dir='ltr'><strong>caarnuste</strong></span> 
     </span>
    </p>
   </div>
   <div class='ocr_carea' id='block_1_2' title="bbox 227 476 1319 1855">
    <p class='ocr_par' dir='ltr' id='par_1_2' title="bbox 227 476 1319 1855">
     <span class='ocr_line' id='line_1_2' title="bbox 228 476 1313 563; baseline -0.011 -18"><span class='ocrx_word' id='word_1_4' title='bbox 228 482 436 563; x_wconf 87' lang='lat' dir='ltr'><strong>opportuna¹</strong></span> <span class='ocrx_word' id='word_1_5' title='bbox 458 477 534 542; x_wconf 87' lang='lat' dir='ltr'><strong>loca</strong></span> <span class='ocrx_word' id='word_1_6' title='bbox 550 476 764 553; x_wconf 78' lang='lat' dir='ltr'><strong>destinantur,</strong></span> <span class='ocrx_word' id='word_1_7' title='bbox 780 481 815 539; x_wconf 87' lang='lat' dir='ltr'><strong>at</strong></span> <span class='ocrx_word' id='word_1_8' title='bbox 836 476 901 540; x_wconf 85' lang='lat' dir='ltr'><strong>alia</strong></span> <span class='ocrx_word' id='word_1_9' title='bbox 923 477 967 541; x_wconf 92' lang='lat' dir='ltr'><strong>ob</strong></span> <span class='ocrx_word' id='word_1_10' title='bbox 984 477 1160 560; x_wconf 85' lang='lat' dir='ltr'><strong>pretiosam</strong></span> <span class='ocrx_word' id='word_1_11' title='bbox 1175 479 1313 541; x_wconf 85' lang='lat' dir='ltr'><strong>vestem.</strong></span> 
     </span>
     <span class='ocr_line' id='line_1_3' title="bbox 228 576 1314 660; baseline -0.006 -17"><span class='ocrx_word' id='word_1_12' title='bbox 228 578 333 660; x_wconf 79' lang='lat' dir='ltr'><strong>Igitur</strong></span> <span class='ocrx_word' id='word_1_13' title='bbox 347 580 405 642; x_wconf 89' lang='lat' dir='ltr'><strong>ubi</strong></span> <span class='ocrx_word' id='word_1_14' title='bbox 420 580 545 643; x_wconf 70' lang='lat' dir='ltr'><strong>seties*</strong></span> <span class='ocrx_word' id='word_1_15' title='bbox 566 576 700 659; x_wconf 88' lang='lat' dir='ltr'><strong>ijaci</strong></span> <span class='ocrx_word' id='word_1_16' title='bbox 716 577 886 658; x_wconf 82' lang='lat' dir='ltr'><strong>sanguinis</strong></span> <span class='ocrx_word' id='word_1_17' title='bbox 902 577 1019 652; x_wconf 86' lang='lat' dir='ltr'><strong>tenuit,</strong></span> <span class='ocrx_word' id='word_1_18' title='bbox 1044 583 1079 642; x_wconf 88' lang='lat' dir='ltr'><strong>et</strong></span> <span class='ocrx_word' id='word_1_19' title='bbox 1098 577 1178 639; x_wconf 89' lang='lat' dir='ltr'><strong>urbs</strong></span> <span class='ocrx_word' id='word_1_20' title='bbox 1199 577 1314 639; x_wconf 85' lang='lat' dir='ltr'><strong>iucen-</strong></span> 
     </span>
     <span class='ocr_line' id='line_1_4' title="bbox 227 666 1314 761; baseline -0.005 -20"><span class='ocrx_word' id='word_1_21' title='bbox 227 678 292 742; x_wconf 90' lang='lat' dir='ltr'><strong>diis</strong></span> <span class='ocrx_word' id='word_1_22' title='bbox 306 681 517 761; x_wconf 82' lang='lat' dir='ltr'><strong>complanata</strong></span> <span class='ocrx_word' id='word_1_23' title='bbox 536 682 599 754; x_wconf 89' lang='lat' dir='ltr'><strong>est,</strong></span> <span class='ocrx_word' id='word_1_24' title='bbox 620 678 750 742; x_wconf 90' lang='lat' dir='ltr'><strong>initium</strong></span> <span class='ocrx_word' id='word_1_25' title='bbox 765 675 931 741; x_wconf 78' lang='lat' dir='ltr'><strong>solvendae</strong></span> <span class='ocrx_word' id='word_1_26' title='bbox 947 696 1004 759; x_wconf 88' lang='lat' dir='ltr'><strong>per</strong></span> <span class='ocrx_word' id='word_1_27' title='bbox 1018 677 1169 760; x_wconf 76' lang='lat' dir='ltr'><strong>praedam</strong></span> <span class='ocrx_word' id='word_1_28' title='bbox 1184 666 1314 740; x_wconf 81' lang='lat' dir='ltr'><strong>militiae</strong></span> 
     </span>
     <span class='ocr_line' id='line_1_5' title="bbox 228 759 1315 861; baseline -0.006 -18"><span class='ocrx_word' id='word_1_29' title='bbox 228 778 373 860; x_wconf 84' lang='lat' dir='ltr'><strong>capiunt,</strong></span> <span class='ocrx_word' id='word_1_30' title='bbox 389 777 495 861; x_wconf 90' lang='lat' dir='ltr'><strong>primo</strong></span> <span class='ocrx_word' id='word_1_31' title='bbox 511 796 531 840; x_wconf 93' lang='lat' dir='ltr'><strong>a</strong></span> <span class='ocrx_word' id='word_1_32' title='bbox 546 759 690 859; x_wconf 75' lang='lat' dir='ltr'><strong>captivis</strong></span> <span class='ocrx_word' id='word_1_33' title='bbox 704 776 865 853; x_wconf 81' lang='lat' dir='ltr'><strong>foeminis,</strong></span> <span class='ocrx_word' id='word_1_34' title='bbox 879 776 1058 858; x_wconf 86' lang='lat' dir='ltr'><strong>puerisque</strong></span> <span class='ocrx_word' id='word_1_35' title='bbox 1073 775 1182 838; x_wconf 88' lang='lat' dir='ltr'><strong>adhuc</strong></span> <span class='ocrx_word' id='word_1_36' title='bbox 1197 773 1315 838; x_wconf 87' lang='lat' dir='ltr'><strong>imbel-</strong></span> 
     </span>
     <span class='ocr_line' id='line_1_6' title="bbox 228 871 1319 960; baseline -0.007 -17"><span class='ocrx_word' id='word_1_37' title='bbox 228 878 328 943; x_wconf 84' lang='lat' dir='ltr'><strong>libus.</strong></span> <span class='ocrx_word' id='word_1_38' title='bbox 369 876 486 960; x_wconf 89' lang='lat' dir='ltr'><strong>ltaque</strong></span> <span class='ocrx_word' id='word_1_39' title='bbox 500 896 544 939; x_wconf 84' lang='lat' dir='ltr'><strong>ex</strong></span> <span class='ocrx_word' id='word_1_40' title='bbox 559 876 610 939; x_wconf 89' lang='lat' dir='ltr'><strong>bis</strong></span> <span class='ocrx_word' id='word_1_41' title='bbox 624 876 733 957; x_wconf 91' lang='lat' dir='ltr'><strong>prima</strong></span> <span class='ocrx_word' id='word_1_42' title='bbox 748 876 894 938; x_wconf 89' lang='lat' dir='ltr'><strong>omnium</strong></span> <span class='ocrx_word' id='word_1_43' title='bbox 906 874 1039 939; x_wconf 87' lang='lat' dir='ltr'><strong>Helena</strong></span> <span class='ocrx_word' id='word_1_44' title='bbox 1053 875 1127 937; x_wconf 85' lang='lat' dir='ltr'><strong>aine</strong></span> <span class='ocrx_word' id='word_1_45' title='bbox 1142 881 1231 938; x_wconf 88' lang='lat' dir='ltr'><strong>sorte</strong></span> <span class='ocrx_word' id='word_1_46' title='bbox 1241 871 1319 936; x_wconf 88' lang='lat' dir='ltr'><strong>Me·</strong></span> 
     </span>
     <span class='ocr_line' id='line_1_7' title="bbox 230 974 1316 1058; baseline -0.007 -15"><span class='ocrx_word' id='word_1_47' title='bbox 230 980 326 1045; x_wconf 88' lang='lat' dir='ltr'><strong>nelao</strong></span> <span class='ocrx_word' id='word_1_48' title='bbox 355 978 563 1043; x_wconf 79' lang='lat' dir='ltr'><strong>conceditur:</strong></span> <span class='ocrx_word' id='word_1_49' title='bbox 586 976 665 1039; x_wconf 90' lang='lat' dir='ltr'><strong>dein</strong></span> <span class='ocrx_word' id='word_1_50' title='bbox 681 975 869 1058; x_wconf 82' lang='lat' dir='ltr'><strong>Polyxena,</strong></span> <span class='ocrx_word' id='word_1_51' title='bbox 891 976 1055 1041; x_wconf 78' lang='lat' dir='ltr'><strong>suadente</strong></span> <span class='ocrx_word' id='word_1_52' title='bbox 1080 974 1233 1057; x_wconf 79' lang='lat' dir='ltr'><strong>Ulysae,‘¹</strong></span> <span class='ocrx_word' id='word_1_53' title='bbox 1256 992 1316 1056; x_wconf 88' lang='lat' dir='ltr'><strong>per</strong></span> 
     </span>
     <span class='ocr_line' id='line_1_8' title="bbox 231 1072 1317 1160; baseline -0.006 -18"><span class='ocrx_word' id='word_1_54' title='bbox 231 1078 493 1160; x_wconf 81' lang='lat' dir='ltr'><strong>Neoptolemum</strong></span> <span class='ocrx_word' id='word_1_55' title='bbox 504 1073 629 1140; x_wconf 77' lang='lat' dir='ltr'><strong>Achilli</strong></span> <span class='ocrx_word' id='word_1_56' title='bbox 644 1074 776 1139; x_wconf 76' lang='lat' dir='ltr'><strong>inferias</strong></span> <span class='ocrx_word' id='word_1_57' title='bbox 790 1077 907 1139; x_wconf 86' lang='lat' dir='ltr'><strong>missa:</strong></span> <span class='ocrx_word' id='word_1_58' title='bbox 922 1072 1162 1156; x_wconf 78' lang='lat' dir='ltr'><strong>Agamemnoni</strong></span> <span class='ocrx_word' id='word_1_59' title='bbox 1174 1072 1317 1136; x_wconf 81' lang='lat' dir='ltr'><strong>Cassan·</strong></span> 
     </span>
     <span class='ocr_line' id='line_1_9' title="bbox 231 1170 1317 1261; baseline -0.006 -20"><span class='ocrx_word' id='word_1_60' title='bbox 231 1177 311 1243; x_wconf 78' lang='lat' dir='ltr'><strong>dra¹</strong></span> <span class='ocrx_word' id='word_1_61' title='bbox 333 1177 440 1255; x_wconf 88' lang='lat' dir='ltr'><strong>datur,</strong></span> <span class='ocrx_word' id='word_1_62' title='bbox 455 1183 634 1261; x_wconf 90' lang='lat' dir='ltr'><strong>postquam</strong></span> <span class='ocrx_word' id='word_1_63' title='bbox 648 1173 754 1238; x_wconf 78' lang='lat' dir='ltr'><strong>forma</strong></span> <span class='ocrx_word' id='word_1_64' title='bbox 768 1174 842 1257; x_wconf 90' lang='lat' dir='ltr'><strong>ejus</strong></span> <span class='ocrx_word' id='word_1_65' title='bbox 856 1181 984 1257; x_wconf 89' lang='lat' dir='ltr'><strong>captus,</strong></span> <span class='ocrx_word' id='word_1_66' title='bbox 1000 1174 1081 1256; x_wconf 89' lang='lat' dir='ltr'><strong>quin</strong></span> <span class='ocrx_word' id='word_1_67' title='bbox 1102 1172 1215 1255; x_wconf 85' lang='lat' dir='ltr'><strong>palam</strong></span> <span class='ocrx_word' id='word_1_68' title='bbox 1227 1170 1317 1235; x_wconf 84' lang='lat' dir='ltr'><strong>desi·</strong></span> 
     </span>
     <span class='ocr_line' id='line_1_10' title="bbox 229 1269 1318 1357; baseline -0.007 -16"><span class='ocrx_word' id='word_1_69' title='bbox 229 1278 353 1343; x_wconf 89' lang='lat' dir='ltr'><strong>derium</strong></span> <span class='ocrx_word' id='word_1_70' title='bbox 373 1278 539 1353; x_wconf 82' lang='lat' dir='ltr'><strong>fateretur,</strong></span> <span class='ocrx_word' id='word_1_71' title='bbox 561 1274 772 1341; x_wconf 82' lang='lat' dir='ltr'><strong>dissimulare</strong></span> <span class='ocrx_word' id='word_1_72' title='bbox 792 1276 1004 1357; x_wconf 83' lang='lat' dir='ltr'><strong>nequiuerat:</strong></span> <span class='ocrx_word' id='word_1_73' title='bbox 1027 1273 1176 1339; x_wconf 84' lang='lat' dir='ltr'><strong>AEthram</strong></span> <span class='ocrx_word' id='word_1_74' title='bbox 1190 1277 1225 1335; x_wconf 88' lang='lat' dir='ltr'><strong>et</strong></span> <span class='ocrx_word' id='word_1_75' title='bbox 1238 1269 1318 1354; x_wconf 79' lang='lat' dir='ltr'><strong>Cly·</strong></span> 
     </span>
     <span class='ocr_line' id='line_1_11' title="bbox 230 1371 1317 1457; baseline -0.008 -14"><span class='ocrx_word' id='word_1_76' title='bbox 230 1384 377 1443; x_wconf 84' lang='lat' dir='ltr'><strong>menam·</strong></span> <span class='ocrx_word' id='word_1_77' title='bbox 400 1377 620 1457; x_wconf 83' lang='lat' dir='ltr'><strong>Demophoon</strong></span> <span class='ocrx_word' id='word_1_78' title='bbox 650 1382 753 1457; x_wconf 89' lang='lat' dir='ltr'><strong>atque</strong></span> <span class='ocrx_word' id='word_1_79' title='bbox 778 1372 961 1438; x_wconf 84' lang='lat' dir='ltr'><strong>Athamas¹</strong></span> <span class='ocrx_word' id='word_1_80' title='bbox 984 1372 1146 1437; x_wconf 86' lang='lat' dir='ltr'><strong>habuere:</strong></span> <span class='ocrx_word' id='word_1_81' title='bbox 1171 1371 1317 1452; x_wconf 85' lang='lat' dir='ltr'><strong>reliqna·</strong></span> 
     </span>
     <span class='ocr_line' id='line_1_12' title="bbox 229 1470 1318 1559; baseline -0.009 -16"><span class='ocrx_word' id='word_1_82' title='bbox 229 1485 326 1544; x_wconf 86' lang='lat' dir='ltr'><strong>rum⁴</strong></span> <span class='ocrx_word' id='word_1_83' title='bbox 339 1497 410 1541; x_wconf 88' lang='lat' dir='ltr'><strong>sors</strong></span> <span class='ocrx_word' id='word_1_84' title='bbox 425 1476 479 1559; x_wconf 80' lang='lat' dir='ltr'><strong>egi</strong></span> <span class='ocrx_word' id='word_1_85' title='bbox 492 1474 628 1558; x_wconf 71' lang='lat' dir='ltr'><strong>coepta:</strong></span> <span class='ocrx_word' id='word_1_86' title='bbox 640 1479 739 1556; x_wconf 88' lang='lat' dir='ltr'><strong>atque</strong></span> <span class='ocrx_word' id='word_1_87' title='bbox 752 1475 802 1538; x_wconf 89' lang='lat' dir='ltr'><strong>ita</strong></span> <span class='ocrx_word' id='word_1_88' title='bbox 815 1472 1042 1554; x_wconf 87' lang='lat' dir='ltr'><strong>Neoptolemo</strong></span> <span class='ocrx_word' id='word_1_89' title='bbox 1056 1470 1318 1547; x_wconf 56' lang='lat' dir='ltr'><strong>Andromachae</strong></span> 
     </span>
     <span class='ocr_line' id='line_1_13' title="bbox 232 1570 1317 1662; baseline -0.007 -19"><span class='ocrx_word' id='word_1_90' title='bbox 232 1578 421 1662; x_wconf 75' lang='lat' dir='ltr'><strong>adjunctisv</strong></span> <span class='ocrx_word' id='word_1_91' title='bbox 437 1578 612 1659; x_wconf 83' lang='lat' dir='ltr'><strong>postquam</strong></span> <span class='ocrx_word' id='word_1_92' title='bbox 622 1573 657 1637; x_wconf 93' lang='lat' dir='ltr'><strong>id</strong></span> <span class='ocrx_word' id='word_1_93' title='bbox 671 1580 825 1637; x_wconf 85' lang='lat' dir='ltr'><strong>evenerat</strong></span> <span class='ocrx_word' id='word_1_94' title='bbox 839 1573 917 1636; x_wconf 86' lang='lat' dir='ltr'><strong>filiis</strong></span> <span class='ocrx_word' id='word_1_95' title='bbox 928 1573 1001 1657; x_wconf 90' lang='lat' dir='ltr'><strong>ejus</strong></span> <span class='ocrx_word' id='word_1_96' title='bbox 1016 1572 1050 1635; x_wconf 92' lang='lat' dir='ltr'><strong>ic</strong></span> <span class='ocrx_word' id='word_1_97' title='bbox 1060 1570 1217 1635; x_wconf 89' lang='lat' dir='ltr'><strong>honorem</strong></span> <span class='ocrx_word' id='word_1_98' title='bbox 1231 1571 1317 1635; x_wconf 89' lang='lat' dir='ltr'><strong>tanti</strong></span> 
     </span>
     <span class='ocr_line' id='line_1_14' title="bbox 231 1670 1317 1760; baseline -0.007 -19"><span class='ocrx_word' id='word_1_99' title='bbox 231 1677 343 1757; x_wconf 87' lang='lat' dir='ltr'><strong>dacis,</strong></span> <span class='ocrx_word' id='word_1_100' title='bbox 373 1675 490 1760; x_wconf 84' lang='lat' dir='ltr'><strong>Ulyssi</strong></span> <span class='ocrx_word' id='word_1_101' title='bbox 519 1673 690 1738; x_wconf 88' lang='lat' dir='ltr'><strong>Hecuba&#39;</strong></span> <span class='ocrx_word' id='word_1_102' title='bbox 719 1675 893 1737; x_wconf 84' lang='lat' dir='ltr'><strong>obvenere.</strong></span> <span class='ocrx_word' id='word_1_103' title='bbox 946 1671 1125 1735; x_wconf 83' lang='lat' dir='ltr'><strong>Hactenus</strong></span> <span class='ocrx_word' id='word_1_104' title='bbox 1153 1670 1317 1735; x_wconf 86' lang='lat' dir='ltr'><strong>nobilium</strong></span> 
     </span>
     <span class='ocr_line' id='line_1_15' title="bbox 232 1770 1318 1855; baseline -0.009 -12"><span class='ocrx_word' id='word_1_105' title='bbox 232 1779 441 1843; x_wconf 78' lang='lat' dir='ltr'><strong>foeminarum</strong></span> <span class='ocrx_word' id='word_1_106' title='bbox 455 1792 587 1840; x_wconf 89' lang='lat' dir='ltr'><strong>cessere</strong></span> <span class='ocrx_word' id='word_1_107' title='bbox 602 1770 767 1837; x_wconf 85' lang='lat' dir='ltr'><strong>servitia.¹</strong></span> <span class='ocrx_word' id='word_1_108' title='bbox 810 1771 893 1850; x_wconf 83' lang='lat' dir='ltr'><strong>Alii,</strong></span> <span class='ocrx_word' id='word_1_109' title='bbox 907 1776 1122 1855; x_wconf 85' lang='lat' dir='ltr'><strong>utquomque</strong></span> <span class='ocrx_word' id='word_1_110' title='bbox 1142 1789 1215 1835; x_wconf 86' lang='lat' dir='ltr'><strong>sors</strong></span> <span class='ocrx_word' id='word_1_111' title='bbox 1236 1786 1318 1835; x_wconf 87' lang='lat' dir='ltr'><strong>oon·</strong></span> 
     </span>
    </p>
   </div>
   <div class='ocr_carea' id='block_1_3' title="bbox 230 2060 1318 2131">
    <p class='ocr_par' dir='ltr' id='par_1_3' title="bbox 230 2060 1318 2131">
     <span class='ocr_line' id='line_1_16' title="bbox 230 2060 1318 2131; baseline -0.008 -14"><span class='ocrx_word' id='word_1_112' title='bbox 230 2067 326 2131; x_wconf 81' lang='lat' dir='ltr'><strong>Delplt.</strong></span> <span class='ocrx_word' id='word_1_113' title='bbox 339 2078 414 2117; x_wconf 79' lang='lat' dir='ltr'><strong>roera</strong></span> <span class='ocrx_word' id='word_1_114' title='bbox 426 2064 470 2114; x_wconf 88' lang='lat' dir='ltr'><strong>alii</strong></span> <span class='ocrx_word' id='word_1_115' title='bbox 480 2065 511 2113; x_wconf 83' lang='lat' dir='ltr'><strong>cd</strong></span> <span class='ocrx_word' id='word_1_116' title='bbox 518 2080 529 2123; x_wconf 80' lang='lat'><strong>,-</strong></span> <span class='ocrx_word' id='word_1_117' title='bbox 539 2067 568 2113; x_wconf 87' lang='lat' dir='ltr'><strong>et</strong></span> <span class='ocrx_word' id='word_1_118' title='bbox 578 2075 637 2111; x_wconf 77' lang='lat' dir='ltr'><strong>mcx</strong></span> <span class='ocrx_word' id='word_1_119' title='bbox 650 2074 696 2125; x_wconf 80' lang='lat' dir='ltr'><strong>pro</strong></span> <span class='ocrx_word' id='word_1_120' title='bbox 706 2061 765 2119; x_wconf 78' lang='lat' dir='ltr'><strong>ulie,</strong></span> <span class='ocrx_word' id='word_1_121' title='bbox 774 2060 875 2112; x_wconf 75' lang='lat' dir='ltr'><strong>etit-n</strong></span> <span class='ocrx_word' id='word_1_122' title='bbox 884 2060 979 2125; x_wconf 84' lang='lat' dir='ltr'><strong>Delph.</strong></span> <span class='ocrx_word' id='word_1_123' title='bbox 988 2060 1120 2111; x_wconf 56' lang='lat' dir='ltr'><strong>aetiam</strong></span> <span class='ocrx_word' id='word_1_124' title='bbox 1132 2060 1227 2125; x_wconf 87' lang='lat' dir='ltr'><strong>Delph.</strong></span> <span class='ocrx_word' id='word_1_125' title='bbox 1239 2060 1318 2112; x_wconf 72' lang='lat' dir='ltr'><strong>Aete-</strong></span> 
     </span>
    </p>
   </div>
   <div class='ocr_carea' id='block_1_4' title="bbox 727 2220 837 2273">
    <p class='ocr_par' dir='ltr' id='par_1_4' title="bbox 727 2220 837 2273">
     <span class='ocr_line' id='line_1_17' title="bbox 727 2220 837 2273; baseline 0 -1"><span class='ocrx_word' id='word_1_126' title='bbox 727 2220 837 2273; x_wconf 74' lang='lat' dir='ltr'><strong>Now</strong></span> 
     </span>
    </p>
   </div>
   <div class='ocr_carea' id='block_1_5' title="bbox 230 2328 1319 2921">
    <p class='ocr_par' dir='ltr' id='par_1_5' title="bbox 232 2328 1318 2399">
     <span class='ocr_line' id='line_1_18' title="bbox 232 2328 1318 2399; baseline -0.004 -14"><span class='ocrx_word' id='word_1_127' title='bbox 232 2334 404 2399; x_wconf 61' lang='lat' dir='ltr'><strong>(hogeritord</strong></span> <span class='ocrx_word' id='word_1_128' title='bbox 436 2333 546 2385; x_wconf 80' lang='lat' dir='ltr'><strong>Quidam</strong></span> <span class='ocrx_word' id='word_1_129' title='bbox 561 2332 643 2385; x_wconf 76' lang='lat' dir='ltr'><strong>codd.</strong></span> <span class='ocrx_word' id='word_1_130' title='bbox 659 2332 755 2384; x_wconf 82' lang='lat' dir='ltr'><strong>hebent</strong></span> <span class='ocrx_word' id='word_1_131' title='bbox 796 2332 928 2383; x_wconf 84' lang='lat' dir='ltr'><strong>mentiaet</strong></span> <span class='ocrx_word' id='word_1_132' title='bbox 941 2328 1318 2395; x_wconf 73' lang='lat' dir='ltr'><strong>Demophoontln‘l&#39;beaeinra·</strong></span> 
     </span>
    </p>

    <p class='ocr_par' dir='ltr' id='par_1_6' title="bbox 231 2402 846 2474">
     <span class='ocr_line' id='line_1_19' title="bbox 231 2402 846 2474; baseline -0.002 -15"><span class='ocrx_word' id='word_1_133' title='bbox 231 2413 263 2461; x_wconf 86' lang='lat' dir='ltr'><strong>nd</strong></span> <span class='ocrx_word' id='word_1_134' title='bbox 283 2409 448 2466; x_wconf 66' lang='lat' dir='ltr'><strong>miraeadmt</strong></span> <span class='ocrx_word' id='word_1_135' title='bbox 474 2422 531 2474; x_wconf 76' lang='lat' dir='ltr'><strong>qne</strong></span> <span class='ocrx_word' id='word_1_136' title='bbox 551 2408 630 2458; x_wconf 89' lang='lat' dir='ltr'><strong>lectio</strong></span> <span class='ocrx_word' id='word_1_137' title='bbox 648 2402 755 2458; x_wconf 79' lang='lat' dir='ltr'><strong>defendi</strong></span> <span class='ocrx_word' id='word_1_138' title='bbox 797 2414 846 2458; x_wconf 82' lang='lat' dir='ltr'><strong>ter.</strong></span> 
     </span>
    </p>

    <p class='ocr_par' dir='ltr' id='par_1_7' title="bbox 231 2479 1319 2622">
     <span class='ocr_line' id='line_1_20' title="bbox 231 2479 1319 2549; baseline -0.006 -15"><span class='ocrx_word' id='word_1_139' title='bbox 231 2491 326 2549; x_wconf 89' lang='lat' dir='ltr'><strong>puteat.</strong></span> <span class='ocrx_word' id='word_1_140' title='bbox 827 2481 1005 2544; x_wconf 66' lang='lat' dir='ltr'><strong>‘Rationem</strong></span> <span class='ocrx_word' id='word_1_141' title='bbox 1017 2495 1070 2531; x_wconf 85' lang='lat' dir='ltr'><strong>acra</strong></span> <span class='ocrx_word' id='word_1_142' title='bbox 1086 2479 1223 2543; x_wconf 71' lang='lat' dir='ltr'><strong>aeicoepta]</strong></span> <span class='ocrx_word' id='word_1_143' title='bbox 1250 2479 1319 2530; x_wconf 85' lang='lat' dir='ltr'><strong>Puto</strong></span> 
     </span>
     <span class='ocr_line' id='line_1_21' title="bbox 263 2552 1318 2622; baseline -0.005 -15"><span class='ocrx_word' id='word_1_144' title='bbox 263 2557 421 2622; x_wconf 71' lang='lat' dir='ltr'><strong>tPolyxeaa</strong></span> <span class='ocrx_word' id='word_1_145' title='bbox 441 2557 552 2607; x_wconf 79' lang='lat' dir='ltr'><strong>eandmte</strong></span> <span class='ocrx_word' id='word_1_146' title='bbox 576 2556 671 2622; x_wconf 73' lang='lat' dir='ltr'><strong>Ulyaee]</strong></span> <span class='ocrx_word' id='word_1_147' title='bbox 703 2554 756 2606; x_wconf 82' lang='lat' dir='ltr'><strong>Ain</strong></span> <span class='ocrx_word' id='word_1_148' title='bbox 796 2555 1000 2617; x_wconf 80' lang='lat' dir='ltr'><strong>rescribendum,</strong></span> <span class='ocrx_word' id='word_1_149' title='bbox 1028 2555 1177 2619; x_wconf 62' lang='lat' dir='ltr'><strong>retineamur.</strong></span> <span class='ocrx_word' id='word_1_150' title='bbox 1226 2552 1318 2604; x_wconf 79' lang='lat' dir='ltr'><strong>Adbuc</strong></span> 
     </span>
    </p>

    <p class='ocr_par' dir='ltr' id='par_1_8' title="bbox 231 2629 1166 2693">
     <span class='ocr_line' id='line_1_22' title="bbox 231 2629 1166 2693; baseline -0.003 -13"><span class='ocrx_word' id='word_1_151' title='bbox 231 2629 287 2680; x_wconf 86' lang='lat' dir='ltr'><strong>i&#39;ere</strong></span> <span class='ocrx_word' id='word_1_152' title='bbox 304 2644 392 2680; x_wconf 81' lang='lat' dir='ltr'><strong>omnen</strong></span> <span class='ocrx_word' id='word_1_153' title='bbox 412 2632 550 2693; x_wconf 77' lang='lat' dir='ltr'><strong>scriptores</strong></span> <span class='ocrx_word' id='word_1_154' title='bbox 569 2631 683 2689; x_wconf 87' lang='lat' dir='ltr'><strong>tradunt,</strong></span> <span class='ocrx_word' id='word_1_155' title='bbox 702 2645 756 2680; x_wconf 88' lang='lat' dir='ltr'><strong>um·</strong></span> <span class='ocrx_word' id='word_1_156' title='bbox 796 2633 864 2681; x_wconf 88' lang='lat' dir='ltr'><strong>euim</strong></span> <span class='ocrx_word' id='word_1_157' title='bbox 874 2629 908 2680; x_wconf 83' lang='lat' dir='ltr'><strong>de</strong></span> <span class='ocrx_word' id='word_1_158' title='bbox 918 2639 987 2680; x_wconf 82' lang='lat' dir='ltr'><strong>mete</strong></span> <span class='ocrx_word' id='word_1_159' title='bbox 998 2629 1166 2680; x_wconf 79' lang='lat' dir='ltr'><strong>t‘oeminemtn.</strong></span> 
     </span>
    </p>

    <p class='ocr_par' dir='ltr' id='par_1_9' title="bbox 231 2701 1319 2769">
     <span class='ocr_line' id='line_1_23' title="bbox 231 2701 1319 2769; baseline -0.006 -14"><span class='ocrx_word' id='word_1_160' title='bbox 231 2704 303 2756; x_wconf 78' lang='lat' dir='ltr'><strong>brem</strong></span> <span class='ocrx_word' id='word_1_161' title='bbox 314 2704 434 2767; x_wconf 83' lang='lat' dir='ltr'><strong>Achillia,</strong></span> <span class='ocrx_word' id='word_1_162' title='bbox 445 2707 485 2754; x_wconf 88' lang='lat' dir='ltr'><strong>rel</strong></span> <span class='ocrx_word' id='word_1_163' title='bbox 502 2719 589 2756; x_wconf 79' lang='lat' dir='ltr'><strong>vocem</strong></span> <span class='ocrx_word' id='word_1_164' title='bbox 605 2720 638 2756; x_wconf 83' lang='lat' dir='ltr'><strong>ea</strong></span> <span class='ocrx_word' id='word_1_165' title='bbox 653 2706 707 2769; x_wconf 85' lang='lat' dir='ltr'><strong>ejua</strong></span> <span class='ocrx_word' id='word_1_166' title='bbox 718 2719 757 2754; x_wconf 85' lang='lat' dir='ltr'><strong>ae·</strong></span> <span class='ocrx_word' id='word_1_167' title='bbox 827 2714 840 2739; x_wconf 82' lang='lat'>¹</span> <span class='ocrx_word' id='word_1_168' title='bbox 857 2706 1008 2766; x_wconf 77' lang='lat' dir='ltr'><strong>Neaptelaeaae</strong></span> <span class='ocrx_word' id='word_1_169' title='bbox 1018 2702 1192 2765; x_wconf 59' lang='lat' dir='ltr'><strong>Aedronem</strong></span> <span class='ocrx_word' id='word_1_170' title='bbox 1207 2701 1319 2752; x_wconf 67' lang='lat' dir='ltr'><strong>manea</strong></span> 
     </span>
    </p>

    <p class='ocr_par' dir='ltr' id='par_1_10' title="bbox 232 2778 1318 2845">
     <span class='ocr_line' id='line_1_24' title="bbox 232 2778 1318 2845; baseline -0.003 -15"><span class='ocrx_word' id='word_1_171' title='bbox 232 2781 340 2844; x_wconf 83' lang='lat' dir='ltr'><strong>pulchro</strong></span> <span class='ocrx_word' id='word_1_172' title='bbox 350 2789 497 2842; x_wconf 81' lang='lat' dir='ltr'><strong>exeuntem,</strong></span> <span class='ocrx_word' id='word_1_173' title='bbox 508 2782 557 2832; x_wconf 82' lang='lat' dir='ltr'><strong>eibi</strong></span> <span class='ocrx_word' id='word_1_174' title='bbox 569 2783 692 2832; x_wconf 87' lang='lat' dir='ltr'><strong>immolari</strong></span> <span class='ocrx_word' id='word_1_175' title='bbox 706 2782 757 2831; x_wconf 84' lang='lat' dir='ltr'><strong>Po·</strong></span> <span class='ocrx_word' id='word_1_176' title='bbox 797 2783 822 2831; x_wconf 86' lang='lat' dir='ltr'><strong>in</strong></span> <span class='ocrx_word' id='word_1_177' title='bbox 831 2778 1318 2845; x_wconf 59' lang='lat' dir='ltr'><strong>perrallladeznlrdphxmimma·</strong></span> 
     </span>
    </p>

    <p class='ocr_par' dir='ltr' id='par_1_11' title="bbox 230 2852 1319 2921">
     <span class='ocr_line' id='line_1_25' title="bbox 230 2852 1319 2921; baseline -0.002 -19"><span class='ocrx_word' id='word_1_178' title='bbox 230 2855 350 2916; x_wconf 78' lang='lat' dir='ltr'><strong>lyranum</strong></span> <span class='ocrx_word' id='word_1_179' title='bbox 371 2856 483 2919; x_wconf 78' lang='lat' dir='ltr'><strong>petiiaae.</strong></span> <span class='ocrx_word' id='word_1_180' title='bbox 509 2856 625 2919; x_wconf 82' lang='lat' dir='ltr'><strong>Euripid.</strong></span> <span class='ocrx_word' id='word_1_181' title='bbox 645 2856 757 2921; x_wconf 79' lang='lat' dir='ltr'><strong>hyeopla</strong></span> <span class='ocrx_word' id='word_1_182' title='bbox 796 2852 1319 2917; x_wconf 60' lang='lat' dir='ltr'><strong>Mmpfflwarrlbr‘hrapdurmxeaaar-</strong></span> 
     </span>
    </p>
   </div>
   <div class='ocr_carea' id='block_1_6' title="bbox 233 2926 1389 2992">
    <p class='ocr_par' dir='ltr' id='par_1_12' title="bbox 233 2926 1389 2992">
     <span class='ocr_line' id='line_1_26' title="bbox 233 2926 1389 2992; baseline 0 -17"><span class='ocrx_word' id='word_1_183' title='bbox 233 2927 314 2978; x_wconf 77' lang='lat' dir='ltr'><strong>orto.</strong></span> <span class='ocrx_word' id='word_1_184' title='bbox 333 2931 382 2978; x_wconf 71' lang='lat' dir='ltr'><strong>&amp;c-</strong></span> <span class='ocrx_word' id='word_1_185' title='bbox 423 2930 518 2979; x_wconf 84' lang='lat' dir='ltr'><strong>Verum</strong></span> <span class='ocrx_word' id='word_1_186' title='bbox 541 2931 712 2981; x_wconf 83' lang='lat' dir='ltr'><strong>Phileatratna</strong></span> <span class='ocrx_word' id='word_1_187' title='bbox 729 2939 759 2982; x_wconf 89' lang='lat' dir='ltr'><strong>et</strong></span> <span class='ocrx_word' id='word_1_188' title='bbox 797 2929 942 2992; x_wconf 61' lang='lat' dir='ltr'><strong>humber</strong></span> <span class='ocrx_word' id='word_1_189' title='bbox 959 2929 1076 2986; x_wconf 74' lang='lat' dir='ltr'><strong>latrina.</strong></span> <span class='ocrx_word' id='word_1_190' title='bbox 1107 2929 1219 2978; x_wconf 83' lang='lat' dir='ltr'><strong>‘vemet</strong></span> <span class='ocrx_word' id='word_1_191' title='bbox 1231 2926 1319 2977; x_wconf 82' lang='lat' dir='ltr'><strong>Achil·</strong></span> <span class='ocrx_word' id='word_1_192' title='bbox 1385 2983 1389 2991; x_wconf 40' lang='lat'><strong>,</strong></span> 
     </span>
    </p>
   </div>
   <div class='ocr_carea' id='block_1_7' title="bbox 231 3001 1321 4184">
    <p class='ocr_par' dir='ltr' id='par_1_13' title="bbox 231 3001 1321 4184">
     <span class='ocr_line' id='line_1_27' title="bbox 231 3001 1321 3069; baseline 0.001 -19"><span class='ocrx_word' id='word_1_193' title='bbox 231 3001 342 3051; x_wconf 83' lang='lat' dir='ltr'><strong>Tretaea</strong></span> <span class='ocrx_word' id='word_1_194' title='bbox 354 3003 380 3050; x_wconf 90' lang='lat' dir='ltr'><strong>in</strong></span> <span class='ocrx_word' id='word_1_195' title='bbox 397 3003 509 3066; x_wconf 79' lang='lat' dir='ltr'><strong>Lycoph.</strong></span> <span class='ocrx_word' id='word_1_196' title='bbox 521 3004 636 3054; x_wconf 78' lang='lat' dir='ltr'><strong>scribant</strong></span> <span class='ocrx_word' id='word_1_197' title='bbox 646 3004 758 3066; x_wconf 70' lang='lat' dir='ltr'><strong>Polyae-</strong></span> <span class='ocrx_word' id='word_1_198' title='bbox 797 3006 828 3054; x_wconf 88' lang='lat' dir='ltr'><strong>lla</strong></span> <span class='ocrx_word' id='word_1_199' title='bbox 847 3005 966 3069; x_wconf 69' lang='lat' dir='ltr'><strong>generem</strong></span> <span class='ocrx_word' id='word_1_200' title='bbox 984 3005 1097 3067; x_wconf 75' lang='lat' dir='ltr'><strong>inclytae</strong></span> <span class='ocrx_word' id='word_1_201' title='bbox 1112 3001 1180 3053; x_wconf 80' lang='lat' dir='ltr'><strong>nttna</strong></span> <span class='ocrx_word' id='word_1_202' title='bbox 1198 3001 1321 3053; x_wconf 79' lang='lat' dir='ltr'><strong>Hectoris</strong></span> 
     </span>
     <span class='ocr_line' id='line_1_28' title="bbox 233 3075 1224 3141; baseline 0.003 -16"><span class='ocrx_word' id='word_1_203' title='bbox 233 3090 292 3126; x_wconf 81' lang='lat' dir='ltr'><strong>nam</strong></span> <span class='ocrx_word' id='word_1_204' title='bbox 305 3077 408 3127; x_wconf 82' lang='lat' dir='ltr'><strong>Achillia</strong></span> <span class='ocrx_word' id='word_1_205' title='bbox 418 3086 524 3129; x_wconf 88' lang='lat' dir='ltr'><strong>mortem</strong></span> <span class='ocrx_word' id='word_1_206' title='bbox 536 3079 573 3128; x_wconf 88' lang='lat' dir='ltr'><strong>alc</strong></span> <span class='ocrx_word' id='word_1_207' title='bbox 583 3093 650 3141; x_wconf 71' lang='lat' dir='ltr'><strong>egre</strong></span> <span class='ocrx_word' id='word_1_208' title='bbox 661 3079 759 3140; x_wconf 85' lang='lat' dir='ltr'><strong>tniiaae,</strong></span> <span class='ocrx_word' id='word_1_209' title='bbox 796 3092 901 3129; x_wconf 76' lang='lat' dir='ltr'><strong>oxomen</strong></span> <span class='ocrx_word' id='word_1_210' title='bbox 911 3078 986 3131; x_wconf 85' lang='lat' dir='ltr'><strong>ducit</strong></span> <span class='ocrx_word' id='word_1_211' title='bbox 994 3091 1072 3127; x_wconf 81' lang='lat' dir='ltr'><strong>cerea</strong></span> <span class='ocrx_word' id='word_1_212' title='bbox 1082 3075 1115 3126; x_wconf 85' lang='lat' dir='ltr'><strong>ed</strong></span> <span class='ocrx_word' id='word_1_213' title='bbox 1126 3076 1224 3128; x_wconf 50' lang='lat' dir='ltr'><strong>aare&amp;</strong></span> 
     </span>
     <span class='ocr_line' id='line_1_29' title="bbox 234 3151 1320 3217; baseline 0.003 -18"><span class='ocrx_word' id='word_1_214' title='bbox 234 3160 264 3200; x_wconf 91' lang='lat' dir='ltr'><strong>ut</strong></span> <span class='ocrx_word' id='word_1_215' title='bbox 279 3151 327 3200; x_wconf 82' lang='lat' dir='ltr'><strong>ribi</strong></span> <span class='ocrx_word' id='word_1_216' title='bbox 343 3166 422 3216; x_wconf 83' lang='lat' dir='ltr'><strong>anper</strong></span> <span class='ocrx_word' id='word_1_217' title='bbox 441 3154 499 3217; x_wconf 77' lang='lat' dir='ltr'><strong>eJna</strong></span> <span class='ocrx_word' id='word_1_218' title='bbox 518 3154 615 3204; x_wconf 87' lang='lat' dir='ltr'><strong>tomulo</strong></span> <span class='ocrx_word' id='word_1_219' title='bbox 630 3153 756 3206; x_wconf 82' lang='lat' dir='ltr'><strong>violentae</strong></span> <span class='ocrx_word' id='word_1_220' title='bbox 826 3160 838 3186; x_wconf 78' lang='lat' dir='ltr'>v</span> <span class='ocrx_word' id='word_1_221' title='bbox 858 3152 998 3214; x_wconf 61' lang='lat' dir='ltr'><strong>Adustis]</strong></span> <span class='ocrx_word' id='word_1_222' title='bbox 1023 3153 1081 3203; x_wconf 79' lang='lat' dir='ltr'><strong>dam</strong></span> <span class='ocrx_word' id='word_1_223' title='bbox 1103 3167 1183 3216; x_wconf 79' lang='lat' dir='ltr'><strong>anpre</strong></span> <span class='ocrx_word' id='word_1_224' title='bbox 1203 3151 1320 3217; x_wconf 85' lang='lat' dir='ltr'><strong>probari·</strong></span> 
     </span>
     <span class='ocr_line' id='line_1_30' title="bbox 234 3226 1319 3290; baseline 0.001 -14"><span class='ocrx_word' id='word_1_225' title='bbox 234 3241 323 3276; x_wconf 84' lang='lat' dir='ltr'><strong>manua</strong></span> <span class='ocrx_word' id='word_1_226' title='bbox 335 3227 460 3278; x_wconf 86' lang='lat' dir='ltr'><strong>intulerit.</strong></span> <span class='ocrx_word' id='word_1_227' title='bbox 622 3267 626 3281; x_wconf 87' lang='lat'>.</span> <span class='ocrx_word' id='word_1_228' title='bbox 795 3241 860 3290; x_wconf 84' lang='lat' dir='ltr'><strong>mae,</strong></span> <span class='ocrx_word' id='word_1_229' title='bbox 871 3227 1074 3277; x_wconf 85' lang='lat' dir='ltr'><strong>Andromacham</strong></span> <span class='ocrx_word' id='word_1_230' title='bbox 1089 3242 1122 3277; x_wconf 82' lang='lat' dir='ltr'><strong>ex</strong></span> <span class='ocrx_word' id='word_1_231' title='bbox 1141 3227 1256 3278; x_wconf 77' lang='lat' dir='ltr'><strong>Hectore</strong></span> <span class='ocrx_word' id='word_1_232' title='bbox 1271 3226 1319 3278; x_wconf 83' lang='lat' dir='ltr'><strong>Aa·</strong></span> 
     </span>
     <span class='ocr_line' id='line_1_31' title="bbox 265 3299 1320 3367; baseline 0.002 -17"><span class='ocrx_word' id='word_1_233' title='bbox 265 3299 461 3364; x_wconf 67' lang='lat' dir='ltr'><strong>regumn</strong></span> <span class='ocrx_word' id='word_1_234' title='bbox 483 3303 628 3366; x_wconf 80' lang='lat' dir='ltr'><strong>Cmaaadrn]</strong></span> <span class='ocrx_word' id='word_1_235' title='bbox 660 3305 758 3354; x_wconf 85' lang='lat' dir='ltr'><strong>Postea</strong></span> <span class='ocrx_word' id='word_1_236' title='bbox 797 3309 942 3366; x_wconf 74' lang='lat' dir='ltr'><strong>tyronatum</strong></span> <span class='ocrx_word' id='word_1_237' title='bbox 960 3307 1059 3352; x_wconf 85' lang='lat' dir='ltr'><strong>tantam</strong></span> <span class='ocrx_word' id='word_1_238' title='bbox 1077 3304 1230 3366; x_wconf 74' lang='lat' dir='ltr'><strong>susceptam,</strong></span> <span class='ocrx_word' id='word_1_239' title='bbox 1243 3317 1320 3367; x_wconf 83' lang='lat' dir='ltr'><strong>quem</strong></span> 
     </span>
     <span class='ocr_line' id='line_1_32' title="bbox 234 3376 1321 3443; baseline 0.005 -20"><span class='ocrx_word' id='word_1_240' title='bbox 234 3389 290 3425; x_wconf 78' lang='lat' dir='ltr'><strong>eam</strong></span> <span class='ocrx_word' id='word_1_241' title='bbox 307 3390 365 3427; x_wconf 84' lang='lat' dir='ltr'><strong>enm</strong></span> <span class='ocrx_word' id='word_1_242' title='bbox 381 3376 572 3441; x_wconf 73' lang='lat' dir='ltr'><strong>Agamemnone</strong></span> <span class='ocrx_word' id='word_1_243' title='bbox 588 3376 683 3429; x_wconf 86' lang='lat' dir='ltr'><strong>occidit</strong></span> <span class='ocrx_word' id='word_1_244' title='bbox 700 3379 757 3442; x_wconf 82' lang='lat' dir='ltr'><strong>Cly·</strong></span> <span class='ocrx_word' id='word_1_245' title='bbox 797 3376 1086 3443; x_wconf 72' lang='lat' dir='ltr'><strong>Pyrrhna,aire,utatil</strong></span> <span class='ocrx_word' id='word_1_246' title='bbox 1096 3379 1193 3439; x_wconf 80' lang='lat' dir='ltr'><strong>velunt,</strong></span> <span class='ocrx_word' id='word_1_247' title='bbox 1203 3377 1321 3440; x_wconf 75' lang='lat' dir='ltr'><strong>Uiyaaea,</strong></span> 
     </span>
     <span class='ocr_line' id='line_1_33' title="bbox 234 3452 1097 3517; baseline 0.001 -17"><span class='ocrx_word' id='word_1_248' title='bbox 234 3458 391 3502; x_wconf 73' lang='lat' dir='ltr'><strong>temneatre.</strong></span> <span class='ocrx_word' id='word_1_249' title='bbox 418 3452 495 3502; x_wconf 85' lang='lat' dir='ltr'><strong>Hom.</strong></span> <span class='ocrx_word' id='word_1_250' title='bbox 514 3453 567 3503; x_wconf 89' lang='lat' dir='ltr'><strong>0d.</strong></span> <span class='ocrx_word' id='word_1_251' title='bbox 584 3460 614 3503; x_wconf 85' lang='lat' dir='ltr'><strong>n.</strong></span> <span class='ocrx_word' id='word_1_252' title='bbox 631 3454 673 3502; x_wconf 90' lang='lat' dir='ltr'><strong>nbi</strong></span> <span class='ocrx_word' id='word_1_253' title='bbox 690 3453 757 3516; x_wconf 72' lang='lat' dir='ltr'><strong>Aga·</strong></span> <span class='ocrx_word' id='word_1_254' title='bbox 797 3453 831 3503; x_wconf 93' lang='lat' dir='ltr'><strong>de</strong></span> <span class='ocrx_word' id='word_1_255' title='bbox 842 3453 906 3502; x_wconf 87' lang='lat' dir='ltr'><strong>turri</strong></span> <span class='ocrx_word' id='word_1_256' title='bbox 917 3452 1097 3517; x_wconf 76' lang='lat' dir='ltr'><strong>praecipitarit.</strong></span> 
     </span>
     <span class='ocr_line' id='line_1_34' title="bbox 234 3521 1320 3589; baseline 0 -17"><span class='ocrx_word' id='word_1_257' title='bbox 234 3538 352 3574; x_wconf 86' lang='lat' dir='ltr'><strong>memnon</strong></span> <span class='ocrx_word' id='word_1_258' title='bbox 372 3525 425 3574; x_wconf 81' lang='lat' dir='ltr'><strong>alte</strong></span> <span class='ocrx_word' id='word_1_259' title='bbox 448 3525 609 3588; x_wconf 73' lang='lat' dir='ltr'><strong>olrrperdrna</strong></span> <span class='ocrx_word' id='word_1_260' title='bbox 628 3527 648 3575; x_wconf 76' lang='lat' dir='ltr'><strong>d·</strong></span> <span class='ocrx_word' id='word_1_261' title='bbox 668 3527 759 3584; x_wconf 79' lang='lat' dir='ltr'><strong>tieem</strong></span> <span class='ocrx_word' id='word_1_262' title='bbox 827 3535 845 3560; x_wconf 80' lang='lat'>&#39;</span> <span class='ocrx_word' id='word_1_263' title='bbox 865 3526 946 3589; x_wconf 70' lang='lat' dir='ltr'><strong>Utyaaa&#39;</strong></span> <span class='ocrx_word' id='word_1_264' title='bbox 965 3524 1074 3587; x_wconf 70' lang='lat' dir='ltr'><strong>Hemina]</strong></span> <span class='ocrx_word' id='word_1_265' title='bbox 1099 3521 1194 3587; x_wconf 70' lang='lat' dir='ltr'><strong>Hygin-</strong></span> <span class='ocrx_word' id='word_1_266' title='bbox 1213 3524 1276 3575; x_wconf 78' lang='lat' dir='ltr'><strong>Feb.</strong></span> <span class='ocrx_word' id='word_1_267' title='bbox 1296 3530 1320 3574; x_wconf 70' lang='grc'><strong>3.</strong></span> 
     </span>
     <span class='ocr_line' id='line_1_35' title="bbox 234 3597 1319 3664; baseline 0 -16"><span class='ocrx_word' id='word_1_268' title='bbox 234 3601 280 3648; x_wconf 82' lang='lat' dir='ltr'><strong>lira</strong></span> <span class='ocrx_word' id='word_1_269' title='bbox 290 3597 400 3660; x_wconf 63' lang='lat' dir='ltr'><strong>narium</strong></span> <span class='ocrx_word' id='word_1_270' title='bbox 409 3599 532 3664; x_wconf 69' lang='grc' dir='ltr'><strong>θυγατρὸς,</strong></span> <span class='ocrx_word' id='word_1_271' title='bbox 543 3599 702 3662; x_wconf 73' lang='lat' dir='ltr'><strong>xarurbdpm,</strong></span> <span class='ocrx_word' id='word_1_272' title='bbox 712 3600 758 3660; x_wconf 71' lang='grc' dir='ltr'><strong>τὴτ</strong></span> <span class='ocrx_word' id='word_1_273' title='bbox 796 3601 917 3664; x_wconf 80' lang='lat' dir='ltr'><strong>‘Uiyaaea</strong></span> <span class='ocrx_word' id='word_1_274' title='bbox 926 3598 1070 3659; x_wconf 81' lang='lat' dir='ltr'><strong>Hecubam,</strong></span> <span class='ocrx_word' id='word_1_275' title='bbox 1077 3597 1160 3647; x_wconf 83' lang='lat' dir='ltr'><strong>Ciaeel</strong></span> <span class='ocrx_word' id='word_1_276' title='bbox 1170 3597 1259 3658; x_wconf 79' lang='lat' dir='ltr'><strong>hilam,</strong></span> <span class='ocrx_word' id='word_1_277' title='bbox 1267 3601 1319 3662; x_wconf 89' lang='lat' dir='ltr'><strong>rel,</strong></span> 
     </span>
     <span class='ocr_line' id='line_1_36' title="bbox 234 3671 1320 3739; baseline 0.001 -16"><span class='ocrx_word' id='word_1_278' title='bbox 234 3675 311 3723; x_wconf 72' lang='lat' dir='ltr'><strong>aretae</strong></span> <span class='ocrx_word' id='word_1_279' title='bbox 329 3674 524 3738; x_wconf 69' lang='grc' dir='ltr'><strong>Κλυταιμήττρη</strong></span> <span class='ocrx_word' id='word_1_280' title='bbox 543 3672 668 3733; x_wconf 68' lang='grc' dir='ltr'><strong>δολόμητις</strong></span> <span class='ocrx_word' id='word_1_281' title='bbox 687 3675 757 3736; x_wconf 64' lang='lat' dir='ltr'><strong>&#39;Ana&#39;</strong></span> <span class='ocrx_word' id='word_1_282' title='bbox 797 3681 827 3724; x_wconf 88' lang='lat' dir='ltr'><strong>ut</strong></span> <span class='ocrx_word' id='word_1_283' title='bbox 848 3674 891 3724; x_wconf 84' lang='lat' dir='ltr'><strong>elil</strong></span> <span class='ocrx_word' id='word_1_284' title='bbox 911 3679 1031 3722; x_wconf 84' lang='lat' dir='ltr'><strong>nectarea</strong></span> <span class='ocrx_word' id='word_1_285' title='bbox 1047 3671 1150 3736; x_wconf 87' lang='lat' dir='ltr'><strong>dicunt,</strong></span> <span class='ocrx_word' id='word_1_286' title='bbox 1171 3674 1320 3739; x_wconf 73' lang='lat' dir='ltr'><strong>Dymantis,</strong></span> 
     </span>
     <span class='ocr_line' id='line_1_37' title="bbox 235 3747 1319 3811; baseline 0.002 -13"><span class='ocrx_word' id='word_1_287' title='bbox 235 3749 295 3810; x_wconf 72' lang='lat' dir='ltr'><strong>inat.</strong></span> <span class='ocrx_word' id='word_1_288' title='bbox 324 3749 333 3777; x_wconf 83' lang='lat'>¹</span> <span class='ocrx_word' id='word_1_289' title='bbox 345 3747 532 3799; x_wconf 83' lang='lat' dir='ltr'><strong>hioeatiaaimam</strong></span> <span class='ocrx_word' id='word_1_290' title='bbox 561 3755 645 3796; x_wconf 85' lang='lat' dir='ltr'><strong>eutem</strong></span> <span class='ocrx_word' id='word_1_291' title='bbox 672 3749 757 3797; x_wconf 79' lang='lat' dir='ltr'><strong>andivi</strong></span> <span class='ocrx_word' id='word_1_292' title='bbox 796 3749 893 3799; x_wconf 84' lang='lat' dir='ltr'><strong>Priami</strong></span> <span class='ocrx_word' id='word_1_293' title='bbox 904 3761 1021 3811; x_wconf 76' lang='lat' dir='ltr'><strong>mamm,</strong></span> <span class='ocrx_word' id='word_1_294' title='bbox 1030 3748 1154 3800; x_wconf 83' lang='lat' dir='ltr'><strong>ilectorta</strong></span> <span class='ocrx_word' id='word_1_295' title='bbox 1165 3758 1282 3811; x_wconf 80' lang='lat' dir='ltr'><strong>matrem,</strong></span> <span class='ocrx_word' id='word_1_296' title='bbox 1293 3752 1319 3800; x_wconf 87' lang='lat' dir='ltr'><strong>tn</strong></span> 
     </span>
     <span class='ocr_line' id='line_1_38' title="bbox 234 3819 1319 3886; baseline 0.006 -16"><span class='ocrx_word' id='word_1_297' title='bbox 234 3836 324 3872; x_wconf 82' lang='lat' dir='ltr'><strong>rocem</strong></span> <span class='ocrx_word' id='word_1_298' title='bbox 335 3821 431 3871; x_wconf 83' lang='lat' dir='ltr'><strong>Priami</strong></span> <span class='ocrx_word' id='word_1_299' title='bbox 440 3821 498 3870; x_wconf 74' lang='lat' dir='ltr'><strong>ntia</strong></span> <span class='ocrx_word' id='word_1_300' title='bbox 514 3819 671 3878; x_wconf 71' lang='lat' dir='ltr'><strong>(inuadere,</strong></span> <span class='ocrx_word' id='word_1_301' title='bbox 681 3834 757 3886; x_wconf 87' lang='lat' dir='ltr'><strong>qoam</strong></span> <span class='ocrx_word' id='word_1_302' title='bbox 797 3824 948 3875; x_wconf 78' lang='lat' dir='ltr'><strong>servitutem</strong></span> <span class='ocrx_word' id='word_1_303' title='bbox 959 3838 1018 3874; x_wconf 86' lang='lat' dir='ltr'><strong>cum</strong></span> <span class='ocrx_word' id='word_1_304' title='bbox 1028 3823 1145 3882; x_wconf 82' lang='lat' dir='ltr'><strong>duceret,</strong></span> <span class='ocrx_word' id='word_1_305' title='bbox 1155 3825 1200 3875; x_wconf 82' lang='lat' dir='ltr'><strong>iiie</strong></span> <span class='ocrx_word' id='word_1_306' title='bbox 1211 3826 1238 3875; x_wconf 87' lang='lat' dir='ltr'><strong>in</strong></span> <span class='ocrx_word' id='word_1_307' title='bbox 1256 3825 1319 3876; x_wconf 79' lang='lat' dir='ltr'><strong>Hel·</strong></span> 
     </span>
     <span class='ocr_line' id='line_1_39' title="bbox 235 3896 1265 3964; baseline 0.004 -18"><span class='ocrx_word' id='word_1_308' title='bbox 235 3897 332 3948; x_wconf 83' lang='lat' dir='ltr'><strong>oceidit</strong></span> <span class='ocrx_word' id='word_1_309' title='bbox 351 3896 548 3958; x_wconf 70' lang='lat' dir='ltr'><strong>clytemnestra</strong></span> <span class='ocrx_word' id='word_1_310' title='bbox 563 3896 650 3946; x_wconf 79' lang='lat' dir='ltr'><strong>dalcae</strong></span> <span class='ocrx_word' id='word_1_311' title='bbox 671 3896 758 3960; x_wconf 83' lang='lat' dir='ltr'><strong>Prope</strong></span> <span class='ocrx_word' id='word_1_312' title='bbox 797 3901 941 3962; x_wconf 81' lang='lat' dir='ltr'><strong>leaponmnr</strong></span> <span class='ocrx_word' id='word_1_313' title='bbox 952 3899 1265 3964; x_wconf 69' lang='lat' dir='ltr'><strong>manusprectptrsvtt!</strong></span> 
     </span>
     <span class='ocr_line' id='line_1_40' title="bbox 235 3971 1318 4037; baseline 0.005 -17"><span class='ocrx_word' id='word_1_314' title='bbox 235 3971 295 4020; x_wconf 66' lang='lat' dir='ltr'><strong>me!</strong></span> <span class='ocrx_word' id='word_1_315' title='bbox 828 3981 843 4008; x_wconf 85' lang='lat'><em>¹</em></span> <span class='ocrx_word' id='word_1_316' title='bbox 860 3973 955 4023; x_wconf 78' lang='lat' dir='ltr'><strong>Geram</strong></span> <span class='ocrx_word' id='word_1_317' title='bbox 969 3971 1078 4036; x_wconf 79' lang='lat' dir='ltr'><strong>aemilia]</strong></span> <span class='ocrx_word' id='word_1_318' title='bbox 1102 3972 1148 4022; x_wconf 78' lang='lat' dir='ltr'><strong>Sic</strong></span> <span class='ocrx_word' id='word_1_319' title='bbox 1166 3973 1238 4037; x_wconf 73' lang='lat' dir='ltr'><strong>virg.</strong></span> <span class='ocrx_word' id='word_1_320' title='bbox 1266 3975 1318 4025; x_wconf 77' lang='lat' dir='ltr'><strong>‘lit</strong></span> 
     </span>
     <span class='ocr_line' id='line_1_41' title="bbox 267 4043 1320 4112; baseline 0.005 -16"><span class='ocrx_word' id='word_1_321' title='bbox 267 4053 277 4078; x_wconf 88' lang='lat'><strong>¹</strong></span> <span class='ocrx_word' id='word_1_322' title='bbox 292 4046 402 4096; x_wconf 79' lang='lat' dir='ltr'><strong>AEtlrrnra</strong></span> <span class='ocrx_word' id='word_1_323' title='bbox 412 4051 437 4095; x_wconf 78' lang='lat' dir='ltr'><strong>et</strong></span> <span class='ocrx_word' id='word_1_324' title='bbox 448 4043 595 4110; x_wconf 51' lang='lat' dir='ltr'><strong>Commeat]</strong></span> <span class='ocrx_word' id='word_1_325' title='bbox 620 4046 662 4097; x_wconf 84' lang='lat' dir='ltr'><strong>De</strong></span> <span class='ocrx_word' id='word_1_326' title='bbox 675 4046 706 4095; x_wconf 88' lang='lat' dir='ltr'><strong>iia</strong></span> <span class='ocrx_word' id='word_1_327' title='bbox 716 4060 757 4095; x_wconf 88' lang='lat' dir='ltr'><strong>au·</strong></span> <span class='ocrx_word' id='word_1_328' title='bbox 797 4049 882 4112; x_wconf 85' lang='lat' dir='ltr'><strong>petrin</strong></span> <span class='ocrx_word' id='word_1_329' title='bbox 899 4046 1093 4099; x_wconf 77' lang='lat' dir='ltr'><strong>Andromachen</strong></span> <span class='ocrx_word' id='word_1_330' title='bbox 1108 4049 1202 4099; x_wconf 86' lang='lat' dir='ltr'><strong>iterum</strong></span> <span class='ocrx_word' id='word_1_331' title='bbox 1213 4050 1320 4101; x_wconf 82' lang='lat' dir='ltr'><strong>ceaaiam</strong></span> 
     </span>
     <span class='ocr_line' id='line_1_42' title="bbox 236 4119 907 4184; baseline 0.009 -16"><span class='ocrx_word' id='word_1_332' title='bbox 236 4119 321 4184; x_wconf 78' lang='lat' dir='ltr'><strong>perine</strong></span> <span class='ocrx_word' id='word_1_333' title='bbox 333 4119 440 4172; x_wconf 85' lang='lat' dir='ltr'><strong>dictam.</strong></span> <span class='ocrx_word' id='word_1_334' title='bbox 458 4120 757 4175; x_wconf 76' lang='lat' dir='ltr'><strong>AEtbraariaerathca·</strong></span> <span class='ocrx_word' id='word_1_335' title='bbox 798 4119 907 4174; x_wconf 82' lang='lat' dir='ltr'><strong>marito.’</strong></span> 
     </span>
    </p>
   </div>
   <div class='ocr_carea' id='block_1_8' title="bbox 0 0 1494 4875">
    <p class='ocr_par' dir='ltr' id='par_1_14' title="bbox 0 0 1494 4875">
     <span class='ocr_line' id='line_1_43' title="bbox 0 0 1494 4875; baseline 0 0"><span class='ocrx_word' id='word_1_336' title='bbox 0 0 1494 4875; x_wconf 95' lang='lat' dir='ltr'><strong> </strong></span> 
     </span>
    </p>
   </div>
  </div>
 </body>
</html>
