2959 4875
242 297 288 363 «td
509 308 588 361 sne.
610 305 802 357 rrnrzonn
827 303 1074 355 urssnnrnnro

244 454 452 539 antiquitatis
465 466 537 517 suae
551 451 644 516 daret
657 448 846 533 scriptioni:
867 466 977 511 earum
993 452 1101 512 antem
1115 440 1278 512 rationem
1292 446 1335 513 iri
1428 520 1430 523 y

244 559 388 638 lingnam
415 553 637 636 antiquissimi
663 553 835 635 temporis,
859 557 896 614 ut
915 549 1014 632 plane
1035 549 1204 626 incertam,
1227 550 1336 617 voluit

244 658 429 723 reserrehac
444 654 670 730 excusatione,
686 672 764 735 quae
778 659 889 716 tamen
904 652 982 733 ipse
994 649 1104 731 magis
1116 650 1235 715 iterum
1257 648 1333 714 ido·

244 778 308 823 nea
326 762 379 821 est
392 755 435 821 ad
457 754 632 830 docendos,
656 772 723 817 non
745 752 881 835 ijani
905 752 1066 834 temporis
1087 751 1247 829 homines,
1270 752 1330 817 sed

244 860 343 940 longe
355 858 566 941 posteriores,
581 874 665 939 quos
680 855 808 937 antiqui
823 855 969 918 moriset
981 852 1103 934 linguae
1116 854 1250 935 ignaros
1262 872 1330 917 non

244 961 318 1027 nult
331 957 479 1024 ‘mirari'
494 976 588 1027 suurn
603 956 862 1021 haesitationem.

288 1077 433 1127 xxvur.
455 1060 610 1141 Denique
630 1062 667 1122 ut
688 1057 873 1127 absolvam,
886 1056 942 1119 cui
963 1075 1029 1120 non
1049 1058 1244 1139 suspectum
1256 1057 1332 1133 erit,

244 1164 302 1247 qui
318 1162 460 1227 animum
475 1157 625 1223 attendet
644 1156 782 1221 anxium
807 1154 888 1217 illud
909 1162 944 1219 ct
959 1158 1134 1237 qnaesitum
1152 1158 1240 1222 adeo
1259 1164 1333 1221 stu·

243 1265 335 1329 dium
358 1261 519 1327 reddendi
536 1260 637 1326 toties
651 1256 825 1329 rationem,
839 1256 930 1319 unde
951 1256 1025 1321 haee
1040 1259 1151 1321 omnia
1164 1276 1333 1339 cognore-

242 1367 309 1433 rut
327 1388 330 1395 ¹
355 1364 463 1429 Etiam
481 1360 580 1443 vulgo
594 1360 708 1435 fertur,
719 1377 793 1434 ecs,
806 1358 864 1439 qui
881 1376 918 1419 se
932 1356 1081 1421 studiose
1100 1360 1197 1423 nimis
1210 1358 1335 1423 identi-⁸

243 1466 319 1531 dem
331 1471 512 1539 excusant,
523 1462 617 1545 ipsos
630 1480 667 1525 se
682 1477 853 1524 accusare.
897 1458 954 1522 Ita
967 1478 1044 1522 vero
1055 1468 1234 1543 suspectus
1246 1480 1337 1546 qno·

242 1586 307 1653 que
320 1572 371 1631 est
384 1566 481 1631 malae
496 1562 587 1639 fidei,
601 1561 658 1644 qui
667 1559 799 1624 solicite
811 1558 896 1623 adeo
910 1577 1004 1623 suam
1014 1559 1114 1625 fidem
1131 1562 1230 1626 toties
1242 1582 1333 1647 prae·

242 1670 333 1733 dicat
353 1675 387 1732 et
407 1662 626 1739 commendat,
647 1665 683 1725 ut
698 1661 826 1725 Noster
839 1659 921 1724 facit
936 1661 1106 1725 minimum
1122 1667 1173 1727 ter
1187 1683 1232 1729 ex
1253 1685 1335 1751 pro·

239 1771 333 1835 sesso
351 1770 385 1833 in
408 1768 532 1847 exiguo
554 1763 616 1827 hoc
637 1762 764 1839 libello,
779 1762 952 1826 inculcans
974 1761 1153 1827 identidem
1167 1786 1205 1829 se
1229 1768 1333 1833 inten-

241 1872 346 1937 luisse
359 1870 459 1935 rebus
480 1866 596 1949 gestia,
611 1862 702 1947 qnod
717 1882 815 1927 nemu
837 1870 927 1940 tnnc,
951 1863 987 1926 in
1005 1864 1118 1946 patrie
1141 1874 1230 1930 certe
1243 1868 1330 1952 ejus,

241 1973 389 2053 ignorare
403 1966 577 2050 potuisset.
620 1962 708 2026 Vide
724 1978 750 2025 1.
769 1963 822 2029 13.
839 1979 874 2025 v.
888 1963 941 2026 17.
957 1977 1008 2025 vr.
1022 1964 1073 2026 10.
1117 1965 1185 2029 Sed
1207 1974 1242 2031 et
1261 1968 1330 2033 hoc

241 2072 313 2139 sine
323 2070 426 2134 dubio
441 2084 609 2151 aspersum
621 2071 676 2129 est
685 2064 782 2129 unice
796 2064 840 2128 ad
852 2064 1040 2129 faciendam
1054 2085 1142 2131 noro
1153 2076 1187 2133 et
1201 2088 1331 2153 suppo-

240 2171 320 2235 situ
319 2170 428 2253 operi,
443 2174 509 2233 tam
525 2164 654 2247 antiqui
669 2165 825 2241 auctoris,
840 2165 937 2248 cujus
951 2184 1069 2229 numen
1091 2187 1162 2250 pras
1185 2188 1223 2233 se
1243 2170 1332 2235 sere-

240 2272 311 2349 bat,
326 2270 438 2347 fidem,
456 2266 614 2353 speciem,
629 2267 921 2331 etauctoritatem

284 2386 399 2435 xxix
422 2367 511 2447 Quis
528 2386 604 2450 ergo
627 2385 726 2431 verus
747 2367 847 2430 istius
869 2367 1023 2439 historiae
1045 2377 1162 2436 auctor
1175 2372 1283 2453 suerit,
1295 2377 1331 2442 si

230 2473 317 2557 'quis
331 2491 384 2536 me
399 2478 501 2550 roget,
518 2487 579 2550 ego
594 2486 670 2532 vero
684 2469 744 2532 vix
758 2468 980 2552 dulciloquio
995 2471 1159 2536 ‘Praxis'
1176 2473 1233 2538 ille
1247 2475 1332 2540 Cre-

240 2572 356 2650 tensis,
368 2570 422 2636 vel
436 2574 446 2603 ‘
459 2567 691 2650 Eupmxtnm’
710 2570 768 2652 qui
782 2568 924 2634 ‘Neroni
936 2571 945 2594 '
960 2572 1060 2636 hosce
1072 2573 1178 2638 libros
1193 2577 1329 2656 obtulit,

240 2695 301 2748 eos
322 2673 425 2738 etiam
443 2670 682 2752 composuerit.
726 2669 787 2732 llle
809 2671 909 2747 enim,
924 2691 1000 2735 curn
1022 2674 1123 2738 sciret
1146 2675 1329 2757 Neronem,

238 2775 425 2860 principem
449 2769 675 2844 vanissimum,
697 2769 830 2834 Graecis
845 2773 974 2836 ortibus
992 2781 1028 2838 et
1050 2774 1173 2840 sabulis
1186 2779 1332 2844 mirilico

234 2874 395 2952 deditum,
423 2873 552 2938 videtur
576 2871 748 2934 historiam
773 2872 858 2937 hano
873 2892 914 2936 eo
930 2875 1042 2940 animo
1055 2878 1176 2958 partim
1198 2879 1242 2943 de
1260 2899 1329 2945 suo

238 2975 388 3044 finxisse,
401 2973 492 3057 (nam
515 2973 619 3036 rnulta
640 2974 792 3055 prosectu
815 2973 917 3038 habet
929 2995 1063 3058 prorsus
1086 2980 1274 3061 singularia,
1290 2986 1329 3048 in

237 3076 360 3160 quibus
375 3075 442 3156 ipsi
460 3092 522 3156 ego
537 3081 625 3137 certe
637 3074 724 3138 haud
740 3077 879 3140 multum
894 3075 972 3140 fidei
988 3078 1187 3164 tribuerim)
1199 3085 1326 3164 partim

237 3195 279 3246 cx
306 3175 416 3259 politis
438 3181 542 3256 atque
567 3175 642 3239 aliis
670 3177 890 3259 scriptoribus
912 3179 1057 3262 antiquis
1081 3181 1272 3263 collegisse,
1287 3193 1328 3252 nt

238 3275 366 3342 Neroni
377 3289 450 3340 earn
462 3273 599 3352 offerret,
610 3281 645 3338 et
656 3275 704 3339 ita
719 3296 740 3340 a
756 3278 895 3360 prodigo
910 3285 945 3342 et
958 3279 1084 3344 stolido
1098 3281 1233 3348 hominu
1250 3285 1327 3350 lan-

237 3383 306 3442 tum
321 3383 577 3458 consequeretur
597 3377 796 3458 praemium.=
827 3377 927 3459 Quod
945 3388 980 3444 et
1001 3381 1049 3444 ita
1074 3384 1200 3448 evenit.
1232 3385 1323 3450 Nam

237 3493 309 3538 cum
321 3475 412 3539 Nero
421 3473 628 3540 inAchaiam
640 3479 797 3555 venisset,
806 3482 1090 3564 opportunissimo
1102 3485 1324 3567 tempurehoo

236 3591 325 3655 opus
338 3574 383 3638 ad
397 3594 475 3638 eum
490 3576 620 3653 detulit,
632 3587 664 3642 et
679 3579 829 3660 plurimis
844 3582 886 3643 ab
901 3582 960 3644 illu
972 3583 1165 3646 muneribus
1172 3585 1322 3649 vicissim

236 3670 380 3736 donatus
401 3673 533 3736 dicitur.
579 3675 701 3744 Verum
722 3687 760 3742 ut
773 3680 1053 3745 existimationem
1073 3685 1221 3766 operiet
1243 3705 1325 3751 auc·

235 3773 400 3836 toritatem
416 3771 559 3851 adderet,
574 3774 657 3839 iecit
678 3779 769 3859 quod
784 3780 926 3844 artifices
941 3788 1016 3844 tunc
1030 3782 1142 3848 facere
1157 3785 1323 3864 solebant,

235 3871 350 3951 quint
371 3872 513 3954 pretium
536 3876 692 3955 operibus
711 3880 811 3944 noris
839 3889 874 3943 et
900 3883 971 3944 suis
991 3883 1100 3966 majus
1121 3885 1322 3966 invenirent,

235 3967 419 4034 Praxitelis
435 3976 494 4034 aut
510 3971 659 4055 Myronis
673 3996 792 4042 nornen
808 3981 851 4042 iis
866 3981 1200 4061 inscribebant,te'ste
1221 3983 1324 4050 Plroe-

183 4139 192 4149 ,
233 4063 306 4138 dro,
340 4069 465 4134 Eadem
481 4091 557 4154 ergo
571 4077 697 4144 ratione
710 4085 744 4142 et
765 4081 821 4146 ille
843 4082 986 4169 Dictyos
1009 4083 1183 4156 Cretensis
1198 4105 1321 4162 nomen
