2959 4875
437 336 486 385 uu
509 336 627 387 succo
650 340 823 391 unornno
850 343 922 393 ιιι.
946 344 996 391 ιν.
1197 328 1264 395 219

166 475 258 541 nium
272 477 361 540 votis
376 478 522 543 omnium
537 480 664 563 deligit.
707 482 766 547 Ite
790 482 928 548 resectis
950 483 1029 549 cibo
1050 485 1261 570 corporibus,

167 576 331 660 reliquum
346 578 455 643 noctis
470 598 545 643 cum
560 580 671 663 quiete
684 584 882 665 transigunt.
914 584 964 648 At
977 584 1064 650 lucie
1077 585 1259 669 principio,

168 678 288 741 urmeti
302 678 515 761 instructique
529 698 590 763 pro
603 685 735 764 negotio
750 684 984 767 egrediuntur:
1001 704 1111 768 neque
1124 686 1261 768 sognies

167 797 191 841 a
214 777 392 842 Memnone
407 787 531 856 uotum,
552 799 629 845 cum
643 802 711 866 quo
724 784 861 867 Trojeni
884 804 1011 850 omnes.
1054 785 1197 851 lteirinc
1210 795 1261 853 nt·

166 897 233 961 que
247 878 325 943 inde
340 878 494 944 ordineto
508 883 672 960 exercitu,
693 884 844 965 praeiium
859 884 995 951 initum:
1017 892 1109 949 tum¹
1123 882 1260 969 plurimi

167 979 339 1063 utriusque
365 979 479 1062 pertis,
501 988 542 1045 nt
554 982 589 1045 in
606 984 666 1047 teli
681 985 873 1070 certamine,
886 986 1024 1064 cudunt,
1038 992 1096 1051 ent
1109 987 1171 1051 icti
1184 1006 1259 1069 gre·

167 1079 249 1143 viter
262 1081 377 1162 proeiio
391 1080 564 1145 decedunt.
608 1082 648 1147 In
664 1103 730 1165 quo
747 1084 838 1150 bello
852 1083 1054 1149 Antilochus
1077 1086 1259 1152 Nestorisi

165 1180 284 1245 obvius
311 1181 395 1245 torte
423 1180 596 1248 Memnoni
623 1184 826 1251 interficitur.
886 1185 1041 1271 Moxque
1063 1185 1167 1271 Ajux,
1197 1190 1258 1254 ubi

165 1288 297 1363 tempus
307 1282 415 1347 visum
430 1290 492 1360 est,
514 1284 597 1349 inter
610 1292 784 1369 utrumque
798 1287 908 1351 eciem
921 1306 1131 1370 progressus,
1146 1288 1257 1353 leces-

165 1382 210 1444 eit
229 1401 345 1463 regem,
368 1383 532 1465 praedicto
546 1385 638 1467 prius
655 1385 771 1469 Ulysei
785 1395 820 1450 et
834 1386 1023 1467 Idomeneo,
1038 1406 1060 1453 e
1074 1389 1194 1453 ceteris
1207 1390 1255 1454 nti

163 1502 202 1545 se
215 1482 449 1549 defenderent.e
478 1485 583 1567 Igitur
598 1485 759 1551 Memnon
774 1487 832 1550 ubi
846 1489 888 1552 ud
904 1508 942 1552 se
958 1490 1051 1553 tendi
1066 1489 1169 1568 ridet,
1181 1510 1257 1555 cur·

163 1601 201 1645 ru
215 1582 354 1663 desilit,⁴
373 1586 583 1669 condigitque
596 1588 702 1669 pedes
717 1606 794 1651 cum
809 1585 926 1669 Aiace,
940 1606 1062 1669 mugno
1083 1590 1255 1673 utriusque
1366 1618 1371 1625 ·

162 1686 267 1765 pertis
278 1693 365 1752 metu
381 1693 481 1770 etque
494 1690 735 1771 expectatione.
767 1688 854 1753 Tum
868 1688 938 1754 dux
952 1695 1064 1755 noster
1077 1706 1207 1754 summe
1220 1691 1255 1755 vi

162 1784 338 1851 umbonem
355 1789 442 1853 sorti
460 1785 558 1871 ejus·¹
580 1789 647 1853 telo
661 1790 696 1853 in
718 1790 925 1872 aliquantum
946 1787 1100 1867 iuratum,
1117 1790 1254 1871 greris⁵

161 1891 259 1968 etque
274 1890 410 1952 summis
425 1890 550 1953 viribus
573 1890 739 1972 ingruens,
760 1892 905 1975 impulit,
921 1891 1085 1975 vertitque
1105 1890 1140 1954 in
1153 1890 1253 1955 letus.

161 1983 240 2062 Quo
257 1988 340 2065 riso,
354 1989 440 2071 regis
450 1990 590 2055 comites
605 2010 792 2069 accurrere,
807 1991 944 2076 Ajacem
956 1993 1134 2057 exturbare
1148 1992 1252 2055 uiten-

160 2094 223 2150 tes.
268 2088 355 2153 Tum
370 2090 523 2155 Achilles
544 2093 601 2156 ubi
623 2110 644 2155 e
665 2093 816 2157 barbaris
840 2093 997 2157 intercedi
1019 2092 1122 2168 videt,
1144 2094 1253 2175 pergit

159 2195 288 2268 contre,
308 2199 341 2256 et
365 2190 528 2257 nudatum
555 2200 651 2258 scuto
674 2194 782 2259 hostis
798 2196 952 2277 jugulum
964 2194 1060 2257 haste
1075 2191 1250 2273 transfigit.

159 2289 220 2370 [7.]
242 2291 298 2355 Ite
321 2300 440 2375 preeter
462 2314 556 2377 spem
578 2295 749 2361 interiecto
769 2296 958 2373 Memnone,
979 2294 1082 2358 enimi
1104 2292 1250 2356 huetium

160 2400 414 2472 commutentur,
432 2401 466 2484 et
479 2395 609 2464 Graecis
625 2404 727 2464 unctu
740 2397 883 2463 fiducie:
901 2398 1039 2482 jamque
1053 2394 1251 2480 AEthiopum

160 2511 258 2558 versa
272 2497 356 2575 acie,
372 2498 475 2562 nostri
491 2498 653 2563 instantes
668 2499 804 2564 cendunt
816 2499 999 2582 plurimos:
1020 2503 1087 2562 tum
1104 2495 1249 2580 Polyde-

158 2603 253 2658 mes·
275 2614 434 2661 renovare
457 2599 611 2682 prtelium
632 2600 784 2683 cupiens,
807 2599 1050 2664 circumventus
1063 2595 1107 2660 ed
1120 2607 1251 2680 postre-

615 2778 628 2800 Ι
631 2775 705 2797 ΜΝ
708 2775 799 2798 'MNO

156 2878 304 2922 neem-³
323 2873 463 2924 Omittitnr
474 2883 523 2924 ten
532 2877 557 2925 in
566 2873 663 2940 Deion.
675 2875 750 2926 deest
762 2889 862 2940 quoqu
872 2890 916 2938 que
925 2880 983 2938 poet
993 2888 1057 2933 etex,
1066 2878 1094 2922 et
1104 2886 1176 2936 prou
1186 2878 1249 2922 ente

155 2939 239 2987 ceter-ie
249 2939 345 3001 iegitur
353 2945 438 2990 «rc-d
451 2939 545 3004 Deiph.
554 2941 701 2992 desiliit-5
714 2939 808 3004 Delph.
819 2939 992 3004 eruetha-d
1003 2938 1250 3003 carpenum.

646 3085 755 3138 norm

186 3179 354 3229 *Ancurae
373 3181 493 3244 Narrare]
517 3181 681 3236 Antilochum
721 3197 811 3234 omnes
825 3189 855 3233 et
872 3182 971 3232 excuti.
1008 3181 1089 3232 Quem
1110 3179 1246 3230 tectionem

155 3269 170 3302 e
192 3254 329 3304 Memnone
352 3257 462 3306 occisum
493 3266 580 3308 narret
602 3259 679 3311 Hom.
720 3259 768 3308 riri
786 3255 1024 3307 doctissimi-unice
1042 3254 1247 3316 mpteetnntm

156 3327 209 3377 0d.
226 3335 257 3377 Δ.
281 3327 358 3378 Piud.
379 3329 455 3394 eyn.
474 3330 525 3382 Od.
543 3338 568 3384 t.
588 3336 680 3386 scribit
719 3332 837 3384 dicenter
858 3332 885 3381 td
904 3331 1029 3381 retentem
1047 3327 1245 3393 peccesne-Ori·

154 3405 317 3454 Nestorem
333 3405 429 3455 Paride
448 3421 571 3472 presente,
590 3413 677 3461 ruine·
718 3407 798 3468 dium,
806 3421 865 3458 cem
875 3404 1004 3454 foemioem
1013 3404 1161 3468 loquentem
1171 3402 1248 3452 indu·

153 3479 271 3543 retcjeru
281 3494 349 3544 equo
357 3494 447 3530 corrue
455 3483 505 3546 eui,
514 3481 678 3535 Antilochum
719 3489 802 3543 teret,
821 3479 865 3546 qul
885 3493 962 3530 sune
980 3478 1083 3528 uomitu
1100 3474 1156 3527 iere
1178 3477 1246 3527 eoiet

153 3555 233 3604 titium
248 3569 321 3605 snum
340 3556 501 3622 inelemueee,
518 3571 679 3626 ermqnem.
719 3554 887 3606 confundere.
926 3554 978 3605 ded
998 3554 1094 3618 Dictys
1115 3553 1194 3604 etiem
1212 3553 1245 3604 eb

153 3637 310 3686 currentem,
322 3639 349 3682 et
366 3631 488 3684 Paridem
499 3636 679 3699 sustinentem,
720 3631 838 3682 omnibne
848 3631 978 3686 dissentit,
988 3645 1046 3682 cnm
1055 3629 1246 3680 Antilochum

152 3721 169 3755 e
180 3706 319 3756 Memnone
331 3705 496 3758 interiectum
508 3707 594 3760 indere.
614 3710 678 3762 ovt-
718 3707 815 3758 Pente
826 3708 993 3758 intereuntem
1004 3705 1104 3756 scribit·

153 3781 210 3828 dies
219 3791 291 3839 vero,
301 3781 328 3828 iu
338 3780 421 3843 liniet.
432 3780 574 3848 Penelope
581 3785 678 3849 Utyui,
749 3790 761 3817 ⁸
781 3784 826 3834 Uti
835 3797 861 3832 re
869 3779 1032 3842 doment]
1044 3780 1108 3829 -⁸8e
1118 3778 1125 3800 ’
1137 3778 1170 3828 ed
1181 3777 1243 3841 rije·

153 3854 318 3904 Anritoebcm
336 3854 369 3903 eb
387 3853 503 3904 Hectore
514 3859 626 3908 oculeum
638 3859 678 3908 di·
717 3856 908 3908 eemfret'ertnr.

151 3930 206 3979 eit:
222 3928 301 3978 ‘Sive
312 3931 369 3993 quie
380 3929 545 3980 Antilochum
557 3934 678 3984 nurrebet
748 3931 762 3966 ⁴
780 3931 906 3980 cauom
914 3931 978 3978 ecett
992 3927 1055 3990 etse]
1077 3927 1121 3976 lte
1134 3926 1167 3976 ed
1185 3941 1243 3976 eer-

153 4004 187 4052 ιδ
198 4003 312 4053 Hectore
324 4003 438 4054 rictum.l
461 4003 512 4054 Ubi
524 4005 626 4066 quidem
638 4019 677 4058 re·
716 4007 778 4058 bum
788 4005 938 4054 Cedreenez
955 4017 1031 4067 quem
1042 4000 1192 4055 describere
1200 4015 1243 4051 eu·

153 4078 270 4126 scribent
287 4077 538 4141 ‘Amphimachum'
555 4080 676 4131 eiii‘dr·
716 4081 850 4148 persedere.
882 4077 970 4127 Umbo
987 4074 1153 4126 eetmedinur
1165 4078 1244 4130 scuti.

151 4152 311 4216 chiterinum?
341 4153 391 4204 Sed
405 4154 677 4208 ‘Antilochnrn'Mee
748 4151 922 4222 erotem]
931 4152 983 4208 Qut
992 4151 1243 4216 tenenspedum.
