2959 4875
488 361 535 408 ns
561 322 689 409 uxelo.
712 359 839 408 naurs
863 358 1013 407 urerer.
1224 342 1293 407 ele

198 502 329 567 nomina
343 506 376 565 et
391 502 580 583 provincias
594 498 812 564 insinuandas
824 518 901 563 esse
913 499 1084 565 dommus.
1117 499 1171 563 De
1182 498 1290 575 Zella,

199 599 394 677 Pandams,i
410 600 593 683 Amphion,
609 596 802 667 Adrastus}
826 600 879 663 De
890 599 1112 682 Colophouis,
1125 585 1309 683 Mopsus}

198 701 316 779 Cares,
347 702 484 779 Nastos,
518 701 818 784 Amphimachus.m
877 703 931 767 De
959 701 1076 784 Lycia,
1104 700 1290 784 Sarpedon,

198 801 360 867 Glaucus.
407 803 459 867 De
482 802 628 879 Larissa,
647 802 862 885 Hippothous
885 810 922 865 et
937 797 1120 884 Copesus.¹¹
1164 802 1219 866 De
1235 801 1291 865 Ci-

198 904 309 982 eooia,
325 902 533 985 Euphemus.
578 904 633 967 De
647 901 804 977 Thracia,
821 900 931 983 Pyros
942 901 1163 967 etAoarnas.⁰
1195 902 1291 967 Anti·

196 1004 283 1089 phus
310 1011 346 1068 et
369 1004 531 1069 Mesthles
553 1004 595 1067 de
621 1002 781 1067 lllaeouia.
824 1000 992 1067 Ascanius
1012 1010 1048 1067 et
1072 1002 1224 1087 Phorcys
1248 1004 1292 1068 de

198 1106 357 1171 Ascania.
403 1106 457 1169 De
485 1104 727 1186 Paphlagonia,
752 1102 972 1184 Pyloemeoes.
1025 1103 1079 1167 De
1100 1102 1287 1187 AEthiopia,

199 1206 319 1269 Perses
335 1214 369 1271 et
385 1206 566 1271 memnona
595 1206 649 1270 De
663 1203 821 1281 Thracia,
839 1202 975 1267 Rhosos
989 1210 1026 1267 et
1040 1203 1289 1272 Arohiloehne.¹¹

199 1307 251 1371 De
265 1306 433 1383 Adrastia,
456 1308 624 1373 Adrastus
647 1315 683 1370 et
702 1304 891 1389 Amphius.¹
935 1306 989 1370 De
1016 1303 1182 1382 Alisonia,
1208 1306 1291 1389 Epi·

198 1407 376 1488 strophas*
414 1407 482 1471 His
496 1406 713 1471 ductoribus‘
727 1415 763 1471 et
774 1405 991 1483 exercitibus,
1003 1407 1060 1489 qoi
1076 1407 1291 1489 parabantur,

198 1507 349 1589 praefecit
361 1508 516 1572 Priamus
531 1508 701 1592 principes
716 1514 750 1571 et
759 1507 925 1577 ductores,
938 1506 1130 1584 Hectorem,
1142 1506 1291 1589 Deipho-

198 1608 289 1683 bum,
307 1606 547 1686 Alexandrum,
560 1610 722 1686 Troilum,
742 1609 895 1685 AEoeam,
918 1605 1146 1671 Memnonem.
1200 1608 1292 1671 Dum

197 1706 428 1788 Agamemnon
443 1710 591 1775 oonsulit
613 1709 655 1773 de
671 1716 740 1774 tote
754 1728 800 1785 re,
819 1726 863 1771 ex
884 1706 1028 1770 Corroou
1043 1706 1179 1770 advenit
1195 1706 1291 1771 Nau·

174 1806 260 1889 'prii
276 1808 367 1875 lilius
378 1811 588 1888 Palamedes,
604 1828 679 1875 uum
694 1810 840 1874 navibus
853 1807 1008 1889 triginta:
1022 1808 1079 1871 ille
1093 1828 1131 1871 se
1147 1826 1292 1872 exeusa-

198 1912 259 1986 vit,
290 1914 408 1976 morbo
438 1912 592 1977 effoetum
621 1910 774 1975 Athenas
805 1910 917 1974 venire
946 1927 1014 1972 nou
1040 1910 1210 1990 potuisse:
1232 1911 1291 1991 qui

199 2012 379 2088 advenerit,
395 2032 471 2077 euru
487 2012 630 2096 primum
645 2013 802 2093 potuerit·
831 2010 970 2075 Gratias
983 2015 1096 2091 agunt,
1107 2016 1291 2093 rogantque

199 2132 274 2175 euru
291 2113 323 2175 ln
339 2113 480 2178 consilio
496 2132 580 2177 esse.
625 2110 708 2195 [ill]
732 2110 865 2176 Deinde
880 2130 957 2176 cum
971 2109 1105 2193 Argiuis
1126 2131 1193 2176 noo
1209 2130 1291 2177 eou-

693 2341 801 2391 Nom

229 2483 235 2517 ¹
252 2481 375 2542 DeZelie,
385 2481 523 2545 Pandarus]
534 2484 676 2533 Homerum
686 2499 725 2534 se·
765 2485 831 2534 ‘His
847 2486 1009 2548 imperabant
1026 2484 1190 2549 Hippothous
1200 2491 1228 2535 et
1239 2485 1292 2550 Py·

199 2561 284 2621 quitur
304 2559 394 2608 Dares.
427 2557 494 2607 Vide
511 2565 602 2608 ootsts
616 2559 648 2608 sd
662 2558 724 2608 Dic·
764 2560 932 2622 laos,rarnus
942 2560 1052 2611 Martis!

198 2643 252 2697 tyn.
797 2643 810 2667 ⁰
827 2636 907 2698 Pyrru
922 2641 946 2684 et
960 2635 1074 2699 Aosssss]
1091 2637 1178 2698 Piros,
1194 2635 1291 2697 noim,

231 2708 243 2741 ¹
258 2709 385 2772 Amphion,
395 2709 526 2771 Adrastus]
538 2706 593 2764 Ait,
605 2707 725 2771 Amphio·
766 2716 862 2760 uocant
873 2709 981 2759 Homer·
989 2719 1015 2758 el
1028 2711 1131 2773 Dictys.

199 2797 256 2831 neni
274 2791 301 2832 et
318 2783 458 2832 Adrastum
478 2796 511 2830 ex
528 2781 599 2831 Zella
618 2783 726 2843 venisse,
797 2792 811 2826 Ρ
827 2786 866 2836 De
884 2786 1016 2849 Ethiopia,
1027 2785 1113 2835 Perses
1127 2791 1152 2835 et
1166 2786 1291 2850 Meam]

198 2857 412 2920 nirosHomerus,
428 2869 459 2904 es
473 2854 622 2906 Adresteis.
654 2856 724 2906 Vide
764 2861 864 2911 Delsoc
876 2861 1111 2924 Perseoihilspod
1128 2849 1292 2911 sliossueto'·

198 2932 267 2996 apud
282 2933 387 2995 Dictyu,
400 2933 442 2994 qul
463 2931 631 2994 Amphloneru
649 2941 725 2983 voest
765 2936 914 2985 resinrenl.
967 2930 971 2936 ’

198 3008 388 3069 Amphiaraus
404 3009 524 3057 Homero.
796 3011 1129 3076 antemnam]
1158 3011 1292 3060 natatile

230 3082 291 3134 ¹De
310 3085 460 3148 Colophonio,
476 3082 585 3145 Mopsus]
601 3082 638 3133 At
649 3083 724 3146 hlop·
767 3087 947 3136 Archilochum
966 3101 1024 3137 eum
1047 3088 1131 3136 Rheso
1150 3087 1293 3150 conjungit,
1329 3118 1331 3122 v

196 3173 251 3208 surn
264 3160 333 3209 luter
347 3159 427 3208 dures
443 3159 593 3208 Gmoorurn
605 3165 725 3208 numerat
763 3176 839 3225 quero
852 3162 1026 3211 Horreorum
1036 3161 1231 3216 AEoessoeium,
1239 3160 1292 3209 Ao·

198 3233 308 3298 Dictys:
335 3233 380 3282 sed
397 3235 417 3281 is
429 3246 512 3296 neque
525 3233 723 3299 Gratianoque
764 3235 1083 3299 tenorisqoeflllomfseit.

196 3309 314 3371 Trojsois
325 3305 409 3370 sll'uit,
421 3314 450 3357 ut
465 3321 498 3356 ex
516 3307 646 3357 veteribus
663 3321 723 3357 coo·
795 3317 806 3344 ¹
821 3311 861 3362 Ds
871 3312 993 3373 semin,
1004 3311 1293 3376 summatum]

196 3393 258 3436 stat.
764 3387 815 3437 Sed
831 3401 909 3450 supra
922 3387 1091 3450 Amphionem
1107 3396 1136 3437 et
1151 3387 1292 3438 Adrastum

229 3468 247 3495 ¹
265 3459 656 3525 cara,lvasm,snpsisscsss]
673 3461 723 3510 Te·
764 3461 925 3523 memorerit,
936 3477 994 3512 eum
1006 3462 1138 3523 Pandaro,
1149 3476 1182 3511 ex
1193 3463 1276 3513 Zelis.

198 3537 288 3586 tnshiu
299 3539 370 3586 loeus
379 3534 595 3599 ltsdispoueodos
604 3545 659 3586 est:
670 3538 723 3587 ‘De
796 3547 806 3572 ⁸
821 3538 861 3588 De
870 3538 988 3599 sno-n,
1000 3536 1166 3603 spiampses]
1183 3538 1248 3588 Cum
1255 3539 1293 3588 0·

197 3613 356 3676 colophonia
374 3613 491 3676 Hapsus,
511 3611 598 3672 ceres,
619 3611 724 3676 Nsstss,
764 3614 818 3664 dio.
836 3613 944 3663 Homer.
955 3613 1054 3676 Dictys.

196 3687 413 3751 Amplrimschus.'
445 3686 541 3736 Nartes
567 3694 595 3736 et
617 3686 722 3749 Amphl-
797 3689 872 3739 ‘His
890 3687 1038 3750 ductoribus]
1066 3686 1152 3737 Aslnrn
1169 3689 1290 3752 Hyrtsnl·

197 3765 300 3815 rnrohns
313 3764 403 3824 cures,
416 3762 433 3810 i.
445 3775 469 3810 e.
480 3777 513 3810 es
528 3762 620 3812 Caris:
639 3777 723 3828 neque
762 3765 822 3814 deso
835 3765 962 3828 proterit,
973 3772 1000 3813 et
1017 3763 1201 3826 Pyrerhmenr,
1212 3763 1292 3811 Chro-

197 3843 264 3891 eninr
277 3839 323 3888 riri
336 3837 475 3901 proprium·
763 3842 826 3900 siin,
845 3847 873 3888 et
888 3841 1040 3896 Ennomon
1064 3853 1127 3901 quos
1146 3837 1206 3887 ride
1222 3838 1292 3901 spud

165 3902 169 3912 ¹
229 3911 598 3977 ¹nenrrim,lllppeuosset
608 3913 721 3977 Capsum]
763 3915 871 3976 Dictys,
883 3925 916 3960 ex
927 3913 1052 3961 Homero.

199 3993 293 4042 Nescio
305 3990 372 4040 stude
392 3986 558 4049 ‘Copesuor’
577 3987 618 4035 hle
640 3997 723 4048 vorat,
797 3989 868 4036 'lix
880 3987 975 4051 coneo]
1001 3985 1097 4047 corrui,
1115 3984 1183 4049 qrsod
1202 3986 1291 4050 selmo,

197 4083 271 4130 quiem
285 4066 413 4116 Homerus
431 4062 580 4125 ‘Pyleum'
611 4059 724 4124 ‘rsiripyc
765 4061 972 4113 oenomeruloit.

197 4141 317 4192 ‘lsrddodr
343 4159 380 4204 ss,
402 4136 503 4189 Πύλαιός
526 4138 548 4186 τ’
567 4135 620 4198 ὄζος
634 4135 724 4212 Ἄρης.
804 4199 808 4204 1
901 4129 908 4141 ’
