2959 4875
215 332 282 400 stit
569 340 733 393 urcrros
756 340 968 391 cessuram

216 446 405 577 pmsuadet,
420 488 473 553 uti
485 486 590 553 tilium
604 486 783 552 Hectoris⁸
794 492 911 551 uacat:
921 491 1067 551 ceterum
1076 482 1313 551 Andromache

216 613 251 658 re
276 593 418 675 cognita,
433 589 586 655 instantis
613 588 758 672 periculi
776 588 844 652 vim
869 587 1079 671 subterfugit,
1100 588 1228 653 auxilio
1253 605 1315 669 po

215 694 383 779 polarinrs
407 695 563 760 liberata:
586 691 655 776 qui,
681 692 829 757 miserati
850 690 998 756 fortunas
1019 690 1105 775 ejus,
1127 690 1214 756 ultro
1236 689 1312 754 hle·

216 797 348 863 nelaum
373 796 584 863 coutumeliis
608 797 787 878 prosecuti,
812 796 871 859 vix
895 813 917 858 s
941 794 1088 877 pernicie
1110 794 1175 859 riri
1196 794 1314 858 retenti

216 906 304 964 suut.
347 900 428 981 [ta]
451 898 586 965 Interim
603 897 742 961 Orestes
766 896 946 961 adveniens
968 915 1035 960 rem
1054 901 1210 960 cunctam
1233 914 1314 978 cog·

216 1002 337 1079 noscit,
366 1002 513 1067 hortatur
537 998 738 1077 Menelaum,
761 1001 810 1064 uti
830 1006 945 1083 coepta
965 1005 1146 1083 perageret,
1167 998 1312 1081 ipseque

215 1101 334 1167 dolans
361 1109 563 1187 praereptum
588 1103 657 1168 sihi
681 1123 702 1168 a
725 1102 953 1185 Neoptolemo
980 1100 1175 1165 Hermionae
1200 1100 1313 1163 matri·

217 1206 375 1284 monium,
391 1205 530 1271 insidias
543 1204 734 1270 advenienti
750 1224 868 1289 parare
883 1204 1023 1287 occipit.
1066 1203 1186 1287 Itaqna
1201 1202 1312 1286 primo

216 1306 339 1371 erbis
358 1326 447 1390 quos
469 1325 585 1371 secum
609 1307 754 1371 hahebat
776 1326 876 1391 quam
901 1304 1084 1370 fidissimos
1104 1302 1312 1387 speculatum

217 1403 259 1469 de
284 1406 428 1475 adventu
456 1406 668 1490 Neoptolemi
696 1407 851 1490 Delphos
875 1408 985 1471 mittit.
1043 1404 1132 1484 Quis
1158 1405 1315 1491 coguitis,

218 1506 408 1589 Menelaus,
417 1510 523 1575 vitare
531 1508 902 1593 hujuscemodit'aciuus
910 1510 1059 1592 cupiens,
1068 1510 1225 1592 Spartam
1234 1528 1313 1574 cou-

216 1610 318 1676 cedit.
362 1610 427 1675 Sed
443 1610 507 1690 illi,
522 1611 579 1694 qui
594 1612 761 1694 praemissi
775 1611 1038 1694 erant,rcgressi,
1053 1610 1313 1695 Neoptolemum

217 1712 361 1795 Delphis
387 1729 462 1777 esse
486 1718 613 1795 negant.
658 1711 772 1791 Quare
793 1718 933 1779 coactus
954 1712 1090 1778 Orestes
1113 1714 1187 1797 ipse
1201 1713 1245 1778 ad
1261 1714 1314 1777 in·

217 1816 433 1897 quisitioncm
449 1816 511 1879 viri
527 1814 706 1898 protectus,
728 1835 796 1898 qua
809 1816 892 1880 ierat
914 1816 969 1880 die
988 1822 1138 1891 remeat·
1152 1822 1190 1879 ut
1203 1832 1311 1878 sermo

218 1916 388 1981 homiuum
411 1917 587 1994 serebatur,
608 1918 739 1997 negotio
761 1916 924 2002 perlecto.
971 1917 1058 1981 Dein
1082 1922 1161 2001 post
1182 1934 1311 2000 paucos

217 2017 291 2081 dies
307 2017 396 2083 fama
410 2018 582 2101 perfertur,
604 2017 761 2083 interisse
782 2017 1059 2104 Neoptolemum:
1080 2037 1222 2102 eumque
1245 2036 1313 2081 ser·

216 2138 313 2184 moue
328 2121 470 2186 omnium
486 2120 747 2185 circumventum
762 2121 895 2187 insidiis
910 2122 1040 2188 Orestis
1061 2140 1121 2205 per
1146 2120 1309 2205 populum

218 2219 465 2287 disseminatur.
509 2222 563 2287 lta
583 2221 728 2308 juvenis,
753 2224 811 2287 ubi
835 2223 878 2287 de
894 2222 1019 2307 Pyrrho
1041 2224 1156 2307 palem
1178 2225 1240 2299 est,
1261 2239 1312 2285 re-

217 2329 316 2408 cepta
333 2324 527 2403 Hermiona,
551 2326 709 2408 quaesibi
731 2332 831 2392 antea
853 2327 1022 2409 desponsa
1041 2334 1127 2405 erat,
1143 2325 1311 2407 Mycenas

218 2423 370 2492 discedit.
407 2426 544 2493 iuterim
560 2427 685 2494 Peleus
699 2449 776 2496 cum
789 2428 940 2506 Thetide,
952 2428 1097 2512 cognito,
1116 2427 1248 2511 nepotis
1261 2426 1311 2490 irt-

215 2531 328 2608 teritu,
355 2529 398 2593 ad
420 2531 705 2613 investigationem
727 2532 800 2617 ejus
813 2531 965 2620 profecti,
988 2536 1196 2614 cognoscunt
1211 2528 1311 2612 juve·

214 2651 291 2696 nem
306 2631 447 2716 Delphis
463 2632 655 2715 sepultum.b
677 2635 743 2713 Ibi,
757 2642 797 2699 ut
808 2654 885 2700 mos
897 2641 979 2711 erat,
988 2633 1085 2716 justa
1098 2631 1310 2715 persolvunt:

215 2740 489 2816 cognoscentque
514 2733 548 2797 in
563 2734 614 2798 his
628 2735 716 2800 locis
738 2737 901 2813 interisse,
923 2736 980 2800 uhi
994 2735 1089 2801 visus
1103 2733 1242 2799 Orestes
1255 2753 1312 2799 ne·

215 2835 366 2916 gebatur.
410 2831 462 2897 Ea
482 2852 534 2898 res
556 2853 617 2918 per
641 2836 807 2920 populum
828 2836 918 2900 hand
944 2837 1088 2907 credita:
1117 2836 1203 2902 adeo
1226 2856 1311 2921 prae·

216 2939 327 3002 sumta
343 2942 422 3000 aute
438 2935 510 3018 jam
525 2937 639 3019 opinio
661 2938 704 3004 de
719 2937 849 3004 Orestis
872 2937 1005 3003 insidiis
1027 2946 1222 3004 cunctorum
1238 2937 1310 3003 ani-

214 3037 279 3100 mis
308 3037 492 3100 inheserat.
538 3035 692 3103 Ceterum
719 3039 848 3118 Thetis,
876 3040 936 3103 ubi
950 3038 1167 3104 Hermionam
1195 3039 1310 3105 Oresti

211 3135 365 3224 junctam
381 3135 485 3216 videt,
501 3135 783 3219 Andromacham,
804 3147 904 3228 partu
917 3141 1113 3226 gravidame
1135 3161 1180 3208 ex
1194 3141 1311 3230 Neop-

707 3341 815 3392 Notis

246 3455 257 3481 ¹
275 3449 320 3499 Uti
328 3449 410 3516 filim
423 3451 548 3516 liranis]
564 3451 647 3504 Immo
659 3455 745 3518 potius
784 3455 845 3520 tssr]
855 3454 991 3521 Euripides
997 3455 1180 3521 serihitipsum
1190 3455 1309 3524 Poleam,

214 3522 384 3588 Neoptolemi
396 3528 546 3577 Molossum.
713 3593 714 3598 ¹
783 3534 882 3583 monitu
896 3532 1022 3595 matidis,
1039 3533 1107 3594 apud
1124 3533 1239 3600 Delphos
1258 3536 1310 3586 rte-

245 3604 258 3632 ·
275 3600 329 3656 Qsa
340 3601 451 3651 irretitis
461 3603 562 3666 nasot]
580 3604 640 3655 Noa
656 3607 744 3669 potuit
782 3608 940 3672 optoiernum
951 3607 1082 3672 sepelisse.
1101 3606 1181 3674 Apud
1194 3610 1310 3676 Delphos

214 3687 276 3738 ergo
297 3675 411 3736 Delphos
430 3677 582 3738 pervenire3
611 3681 743 3732 sl’hthis
782 3691 868 3736 sutem
877 3684 1007 3749 sepultum
1023 3682 1104 3736 fuisse
1120 3701 1208 3737 ornnes
1221 3695 1309 3740 aucto·

214 3751 281 3800 euim
294 3750 407 3814 Delphos
419 3765 498 3815 osque
506 3753 739 3822 longiorviequsm
782 3775 822 3810 res
848 3760 962 3822 tradunt,
983 3767 1081 3824 prater
1102 3761 1245 3826 Hyginum,
1265 3763 1309 3830 qui

213 3841 270 3892 qnae
282 3827 324 3892 die
339 3841 388 3875 ono
400 3836 445 3876 snt
456 3829 539 3879 altero
549 3829 642 3880 coelici
654 3842 740 3897 queat.
780 3833 834 3887 t'sh.
844 3840 900 3886 tsi·
910 3835 1000 3887 scribit
1012 3837 1067 3902 ejus
1078 3852 1133 3889 osss
1144 3853 1192 3903 per
1201 3837 1309 3890 Ambra·

214 3901 258 3952 Ab
286 3902 408 3965 Euripide
435 3903 513 3967 igitur
540 3902 669 3963 dissentit,
697 3909 740 3974 qni
780 3911 846 3962 cism
867 3926 959 3975 spsrss
975 3909 1069 3962 foisse:
1093 3922 1122 3965 et
1141 3913 1261 3977 Ovidius,
1282 3915 1310 3966 in

213 3977 303 4027 scribit
320 3979 525 4042 Neoptolemum,
537 3980 563 4029 iu
577 3981 633 4045 ipso
645 3985 742 4048 templo
781 3984 823 4037 lb.
848 3986 921 4037 ‘Nec
938 3993 985 4036 tus
1003 4001 1079 4051 quum
1095 3987 1188 4052 Pyrrhi
1204 3987 1308 4041 feliciss

214 4049 355 4117 Delphico,
377 4053 410 4104 ab
430 4053 525 4105 Oreste
543 4063 571 4106 et
591 4057 649 4108 sliis
671 4061 739 4111 oeci·
781 4076 838 4112 osss
848 4063 1095 4128 persemetipsa·
1102 4060 1310 4129 perrtmhreclss

215 4142 280 4179 sum.
778 4136 1032 4204 qnejmnsreriw

245 4203 737 4276 'OWWMWW
811 4211 1067 4278 ‘mmihi
1092 4211 1188 4278 Pyrru
1206 4221 1235 4268 ei
1251 4215 1306 4269 As·
