2959 4875
434 376 484 423 ns
507 376 627 425 annno
649 377 822 431 uaesano
845 380 918 427 arn.
942 380 980 429 rr.
1182 368 1247 433 173

151 517 277 603 sagitta
291 517 439 583 Pandari
451 520 671 599 vnlneratus,y
691 520 729 585 in
747 521 826 605 ipso
848 522 972 607 impeta
992 539 1163 607 repressus
1184 532 1245 590 est.

152 623 260 705 Igitur
282 620 329 685 ab
352 621 476 685 nostris
489 621 644 687 ‘elamore
667 626 755 699 orto,
777 620 943 706 simulque
966 642 1041 687 enm
1067 625 1118 689 ira
1138 626 1247 709 indig-

153 724 321 800 nonanus,
350 722 441 806 quod
469 721 634 787 duebns⁸
666 742 817 787 seorsum
843 723 1022 789 adversum
1050 743 1099 801 se,
1128 726 1247 810 hisque

151 824 302 889 maxime
314 843 459 909 querum
472 824 578 906 grstia
591 824 714 890 bellum
727 822 907 889 condatum
921 831 1020 902 esset,
1040 825 1248 891 decernenti-

152 926 381 1010 bus,'repente
393 925 580 1009 u'l'rojanis
589 925 737 1008 pessimo
751 928 842 990 more
856 924 1119 1004 intercederetur,
1130 944 1247 991 rursus

156 1026 276 1111 globus
303 1028 519 1093 bmbarorum
545 1028 702 1109 ingruens
724 1025 952 1091 Alexandrum
974 1027 1126 1093 emedio
1149 1030 1248 1113 rapit.

153 1127 240 1211 [st]
259 1128 395 1195 Interim
409 1130 444 1193 in
460 1150 504 1194 ea
516 1128 750 1212 permixtione,
766 1129 845 1194 dum
860 1130 963 1195 nostri
977 1129 1142 1207 nentem,
1158 1130 1249 1195 Pan-

153 1230 259 1296 darus
281 1232 399 1315 procul
422 1239 548 1308 astaus,
575 1230 697 1295 multos
721 1228 916 1296 Graecorum
945 1231 1077 1313 sagittis
1103 1228 1247 1313 configit

155 1330 281 1416 Neque
300 1334 394 1417 prins
418 1330 497 1396 finis
519 1330 641 1410 iaetus,
669 1350 769 1417 quam
796 1332 984 1404 Diomedes,
1004 1333 1176 1397 atrocitate
1202 1333 1250 1397 rei

156 1439 281 1509 motus,
302 1449 558 1517 progressusque
584 1432 738 1498 eominus
764 1432 833 1501 telo
859 1434 988 1500 hostem
1003 1440 1252 1518 prosterneret·

157 1532 239 1598 lion
251 1534 355 1598 modo
376 1532 550 1599 Pandarus
569 1534 761 1600 certaminis
772 1534 898 1599 t’oedere
912 1536 1054 1612 motato,
1077 1542 1178 1620 atque
1200 1536 1252 1599 in·

156 1634 304 1698 tmemtia
318 1633 442 1712 multis,
464 1635 508 1700 ad
522 1641 727 1719 postremum
742 1644 864 1719 pinnas
880 1636 1149 1701 sceleratissimas
1164 1636 1251 1701 miti-

157 1735 241 1801 tie*
260 1736 331 1801 lnit.
375 1735 527 1800 Getarum
542 1754 666 1819 eorpus
680 1736 755 1819 ejas
769 1735 945 1802 liberatum
967 1756 1012 1800 ex
1033 1738 1133 1801 acie*
1157 1736 1252 1800 Pria·

157 1835 258 1901 midae
271 1837 341 1919 igni
351 1844 521 1905 cremant:
542 1838 770 1922 reliquiasque
781 1838 867 1903 socii
880 1838 1020 1903 traditas
1031 1837 1099 1902 'sibi
1112 1838 1251 1921 Lyciam

158 1938 192 2001 in
206 1938 316 2001 solum
330 1938 473 2021 putrium
488 1938 663 2021 pertulere.
706 1938 840 2006 Interim
855 1940 1173 2023 uterqueexareitus
1187 1940 1252 2021 sig·
1295 1990 1298 1997 .

158 2056 203 2102 no
218 2038 299 2103 dato
314 2056 436 2103 manus
458 2036 658 2105 codseruntz
679 2046 932 2125 pugnantesque
948 2042 982 2105 vi
1004 2059 1135 2107 summa
1149 2045 1252 2123 atque

160 2140 296 2223 ancipiti
322 2140 458 2218 sertum
485 2137 642 2205 bellumd
678 2142 724 2206 ad
754 2160 912 2206 occasum
941 2140 1025 2205 solis
1055 2138 1252 2224 producunt.

158 2240 229 2305 Sed
251 2241 310 2305 ubi
331 2260 403 2306 uox
428 2241 642 2319 adventabat,
668 2243 822 2326 utrinqne
849 2261 946 2325 reges
977 2241 1143 2306 subducta
1165 2240 1255 2320 haud

159 2341 259 2425 longa
274 2344 360 2421 aeie,
376 2342 573 2407 custodibus
595 2341 724 2406 idoneis
737 2344 907 2409 exereitus
922 2342 1156 2409 communiere.
1201 2338 1255 2405 lta

159 2463 223 2528 per
243 2445 374 2528 aliquot
392 2445 465 2510 dias
485 2451 616 2526 tempus
635 2444 780 2509 bellandi
802 2445 1020 2528 opperientes,
1041 2442 1178 2508 militem
1192 2441 1256 2506 ira-

163 2553 315 2630 qnentem
329 2555 515 2611 armatnm⁹
537 2546 660 2610 trustra
681 2547 849 2612 habuere·
893 2546 1050 2630 Namque
1065 2546 1123 2610 ubi
1142 2547 1256 2629 hyems

162 2876 209 2921 -a
220 2871 306 2923 Deest
313 2877 397 2924 ¹eristius
407 2872 434 2922 tn
441 2871 588 2937 velpa-tt
598 2871 694 2937 Detpta
702 2872 857 2923 taem-1
870 2871 1094 2937 nepesinae
1104 2885 1127 2920 a.
1135 2885 1158 2936 q.
1168 2886 1192 2936 q·
1203 2876 1222 2922 t.
1231 2886 1258 2922 a.

628 3097 635 3107 ‚
658 3043 766 3095 NOTAE

193 3161 323 3226 aflagitta
343 3161 455 3211 Μαί
474 3162 625 3228 mm]
650 3159 692 3210 Ba
732 3159 823 3208 simam
835 3159 907 3220 dicit,
925 3159 986 3225 quia
1002 3157 1100 3207 foedara
1112 3157 1261 3218 violaverat,

163 3238 281 3290 nuere
289 3237 338 3288 bue
345 3251 457 3302 qaoque,
467 3237 512 3286 aad
521 3237 693 3288 immutatam.
733 3235 881 3286 Menelaum
891 3233 1056 3286 vulnerando.

164 3315 342 3367 ammenta
357 3315 487 3364 nonem·
505 3321 565 3376 poet
579 3325 693 3378 pugnare
765 3311 929 3361 ‘Hm
946 3326 977 3360 a
996 3308 1058 3371 oete]
1082 3307 1135 3358 Per
1146 3307 1261 3368 Meam,

164 3391 279 3443 lteaelat
297 3398 325 3441 at
340 3389 454 3453 Paridis,
470 3403 530 3439 enan
545 3403 579 3438 ea
596 3387 693 3438 tedere
733 3399 810 3450 quarn
820 3386 856 3436 ibt
867 3387 945 3438 attam
955 3383 1094 3435 Diomedes
1105 3381 1192 3447 iapida
1203 3395 1263 3447 per-

165 3467 254 3517 umet
271 3465 398 3516 Helenam
417 3470 576 3529 repeterent,
590 3461 694 3512 Panda·
734 3461 825 3512 euasit.

165 3541 356 3607 mayenne·
366 3539 492 3603 diiam‚ut
501 3537 693 3590 dotarettldern
765 3533 778 3568 ‘¹
797 3535 901 3600 Bellum]
917 3535 1052 3586 ‘Battum’
1063 3535 1128 3584 diett
1139 3547 1185 3598 pra
1197 3548 1262 3600 pug-

165 3617 280 3675 sedem,
302 3618 329 3667 ia
345 3617 493 3667 Menelaum
514 3616 612 3665 hastam
631 3614 694 3663 emi·
733 3624 776 3662 na.
809 3609 1207 3662 Daeavidellemerdtiada.

165 3693 240 3756 aiaae,
258 3707 326 3758 qne,
349 3692 454 3742 ttaoraea
474 3691 628 3754 cinguloque
646 3701 691 3752 pe·
768 3695 779 3722 ⁸
803 3687 958 3752 frequentem
983 3693 1100 3738 muas
1121 3687 1160 3751 [ia
1185 3687 1264 3749 arna]

166 3769 274 3822 nouam
284 3771 692 3832 quemamodum-auram
728 3761 825 3823 snare
849 3763 960 3828 lohere]
998 3763 1118 3822 Matim‚⁸
1135 3761 1167 3810 ln
1187 3761 1263 3809 armis

166 3843 328 3910 pantrtaatt.
352 3843 431 3894 lltaaa
443 3840 513 3904 vide,
523 3841 555 3892 lt.
566 3849 599 3893 Δ.
734 3836 832 3888 frastra
850 3837 989 3889 habuere?
1016 3839 1124 3888 militen
1143 3834 1264 3899 trequen-

197 3927 209 3953 ⁸
227 3919 297 3976 Qua
313 3915 413 3980 m]
438 3916 589 3967 Alexandro
600 3921 627 3965 et
637 3914 695 3964 lta·
735 3919 790 3965 tem
801 3915 915 3965 habuere
928 3914 954 3963 tn
965 3914 1058 3975 stratu
1074 3910 1142 3978 qnod
1156 3911 1263 3960 latinis·

169 3995 252 4046 mian.
734 3990 827 4040 almum
840 3997 890 4039 est.
914 3989 1107 4038 Potesttamen
1119 3985 1263 4041 terri.‘mi·

200 4078 213 4104 ⁸
228 4071 343 4120 Gouriane
355 4071 402 4119 tete
420 4069 510 4118 Men
525 4063 696 4130 praem]
736 4062 905 4129 leaireqnena
916 4061 1048 4122 iuarruu’
1059 4060 1129 4124 apud
1139 4062 1263 4112 Nostrum

170 4144 375 4196 Hormltiadd.
737 4139 1021 4204 precipue,aqunnon
1033 4137 1265 4203 eateatgendalla-

203 4219 416 4271 'Samum
425 4217 531 4280 Atilia]
546 4218 697 4269 scatentis·
738 4217 787 4267 tini
798 4216 922 4267 sarmata
936 4213 1040 4279 puritas.
1137 4275 1143 4288 ·
