2959 4875
462 340 509 389 nn
535 340 652 389 sunno
675 342 845 393 rnorrrro
868 349 942 398 ern.
968 353 999 400 v.
1204 344 1267 409 251

178 474 223 539 ad
251 496 331 543 suos
358 478 503 561 quiaque
532 482 665 548 abeunt.
717 484 875 551 Ceterum
904 490 1034 557 barbari
1064 493 1265 564 Antenorem

177 580 315 645 summis
331 578 446 643 efferre
465 580 635 658 laudibus,
649 584 878 653 aduenientem
900 592 1023 673 singuli
1037 599 1136 680 quasi
1152 596 1265 665 Deum

177 681 342 751 rameri:
363 682 471 745 eoluru
500 682 626 765 quippe
646 686 795 751 omnium
815 690 950 755 credere
970 703 1140 764 auctorem
1168 702 1265 781 pacis

175 778 260 861 ejus,
274 781 458 863 coitreque⁷
480 800 556 845 curn
571 783 700 849 Graecis
720 788 891 854 amicitie.
934 793 989 857 Ita
998 799 1107 879 sopito
1120 800 1191 883 jam
1206 820 1265 865 ex·

178 878 253 945 inde
267 880 365 957 bellu,
377 881 502 963 passim
517 884 567 947 uti
583 886 722 968 quisque
734 890 879 969 partium
892 893 1057 973 voluerat,
1071 918 1160 964 nuno
1169 900 1263 966 Gree-

176 981 210 1043 ci
237 999 312 1044 cum
333 980 506 1064 Trojanis,
528 1002 708 1067 rursusque
730 985 765 1049 hi
785 990 875 1070 epod
904 1009 1009 1056 neree
1029 1000 1136 1062 amice
1157 1018 1263 1081 agere.

179 1082 312 1147 Interim
326 1084 384 1147 ubi
392 1082 502 1147 ioedue
516 1084 745 1161 intervenerat,
754 1088 866 1151 cuncti
875 1089 1085 1157 barbarorum
1098 1100 1195 1176 socii,
1203 1103 1263 1183 qui

175 1182 266 1247 bello
280 1182 401 1247 residui
416 1190 517 1261 erant,
532 1184 732 1265 gratulantes
742 1187 923 1253 interventu
933 1194 1031 1273 pecie
1040 1196 1084 1259 ad
1099 1216 1181 1263 auos
1194 1202 1262 1265 dis·

175 1282 308 1359 cedunt,
328 1300 369 1347 ne
391 1284 600 1366 opperientes
621 1285 753 1367 quidem
767 1291 907 1370 premia
920 1298 1084 1360 tentorum
1099 1296 1262 1366 discrimi-

176 1400 256 1445 nuru
270 1386 369 1463 etque
384 1400 614 1459 aerrrmnarunr,
628 1386 756 1450 scilicet
775 1389 881 1467 veriti,
894 1409 939 1454 ne
953 1412 1021 1477 que
1030 1403 1052 1433 ¹⁰
1073 1401 1161 1478 pecti
1176 1400 1260 1466 tides

176 1481 265 1563 apud
280 1483 436 1547 herbetus
451 1482 695 1549 dissolveretur.
727 1487 759 1569 [l
768 1487 811 1566 l.]
831 1489 968 1556 interim
983 1498 1074 1578 apud
1085 1517 1200 1578 naves,
1212 1503 1262 1566 uti

175 1580 311 1645 Heleno
332 1582 513 1666 placuerat,
527 1600 634 1665 equus
656 1585 836 1651 tabulatis¹¹
854 1580 1039 1658 exstruitur
1058 1616 1118 1678 per
1138 1592 1261 1682 Epium

176 1680 404 1747 fabricatorem
419 1682 494 1765 ejus
508 1684 616 1765 operis
626 1703 634 1748 :
644 1691 658 1719 ⁰
678 1686 734 1751 cui
744 1686 836 1752 edito
846 1691 882 1753 in
892 1691 1084 1759 immensum
1098 1696 1169 1763 ime
1181 1719 1259 1784 que

175 1782 239 1845 sub
260 1781 401 1865 pedibus
419 1790 517 1847 erant
537 1784 642 1849 rotis?
663 1784 872 1869 interpositis
889 1794 1115 1875 suspenderet,
1130 1800 1262 1865 scilicet

134 1905 142 1917 ·
174 1900 241 1963 qno
269 1887 436 1947 altraatn‘¹
457 1890 569 1947 motus
594 1883 729 1969 facilius
750 1888 854 1954 fuet:
878 1910 977 1974 quem
1005 1894 1115 1960 offerri
1136 1897 1260 1965 donum

177 1980 336 2047 Minerrae
363 1981 573 2059 maximnm,⁸
608 1986 754 2049 omniurn
782 2006 839 2051 ore
866 1992 1065 2071 agitabatur.
1107 1996 1259 2065 ceterum

176 2082 261 2161 apud
291 2081 428 2164 Trojnm
451 2082 521 2145 auri
544 2091 646 2164 etque
666 2087 791 2167 argenti
816 2091 1013 2169 praedictum
1042 2096 1174 2178 pondua
1199 2118 1260 2181 per

178 2180 378 2245 Antenorem
393 2190 492 2265 atque
507 2183 648 2247 AEneam
662 2204 792 2249 sunrnro
807 2189 921 2253 studio
934 2192 970 2255 iu
980 2192 1086 2257 cedern
1096 2196 1258 2265 Minervae

174 2283 373 2362 portabatur.
403 2281 447 2345 El
460 2280 586 2358 Graeci,
602 2292 781 2368 postquam
795 2289 924 2354 auxilie
937 2293 1107 2358 sociorum
1116 2295 1258 2363 dimissa

173 2382 340 2464 cognitum
355 2390 418 2459 est,
435 2382 616 2464 impensius
636 2403 754 2467 paoem
768 2395 870 2471 atque
885 2392 1065 2458 amicitiam
1079 2394 1258 2477 agitavere,

172 2484 259 2547 nullo
283 2483 426 2548 exinde¹
448 2482 664 2548 barbarorum
684 2486 869 2567 interiecto,
896 2497 955 2556 eut
975 2493 1168 2576 vulneratn;
1188 2517 1257 2581 qno

171 2583 276 2664 magis
290 2584 361 2647 sine
373 2583 444 2646 ulle
459 2582 699 2648 discordiarum
719 2588 911 2668 suspicione
925 2593 1014 2674 apud
1029 2593 1144 2659 bostes
1155 2596 1257 2663 suere.

175 2683 256 2748 Dein
282 2703 405 2766 equum
435 2689 646 2766 compactum
667 2684 789 2749 affabre
815 2687 1051 2774 confixumque
1071 2693 1117 2757 ad
1142 2715 1256 2761 muros

171 2789 316 2861 movent,
346 2784 565 2865 praenuntiato
587 2783 754 2868 Trojanis,
776 2788 923 2853 uticum
950 2811 1079 2856 summa
1098 2795 1255 2876 religione

172 2884 387 2970 susciperent,
404 2883 564 2948 Minervae
579 2885 712 2948 scilicet
725 2904 868 2964 sacrum,
883 2889 1106 2974 dicatumque.
1144 2891 1258 2974 Quare

170 3189 282 3239 voculam
292 3189 374 3239 ia-l
391 3189 487 3255 Delplr.
497 3190 650 3241 nanee-e
666 3193 761 3258 Delplr.
772 3205 800 3245 er
811 3198 889 3262 volgo
899 3200 1009 3248 meiere.

659 3353 766 3404 NO'l'AE

200 3469 217 3496 ¹¹
235 3463 339 3526 Neara]
356 3461 396 3514 Ne
412 3476 464 3528 qna
480 3462 530 3512 rie.
562 3462 607 3513 sic
625 3477 692 3514 wm-
764 3463 1065 3529 rSeilioetqeoettruetr]
1081 3467 1252 3524 Serisa‘rei-

169 3551 216 3599 per
226 3538 331 3600 Dictys.
730 3541 794 3590 lieet
805 3556 855 3604 quo
865 3551 949 3592 motus
958 3539 1062 3591 fecilior
1078 3540 1147 3594 ieret
1157 3551 1253 3597 attrac-

199 3622 211 3648 ¹⁸
239 3613 373 3676 Pautalia]
403 3614 568 3667 ‘Roboribus
598 3616 693 3666 textia'
731 3615 778 3667 tu!
812 3615 843 3665 ld
857 3625 916 3666 ectr
937 3615 1252 3672 ‘Quofeeiliurattracta

169 3687 257 3750 virgil
730 3692 895 3744 moreretur)

178 3803 181 3810 ⁴
198 3770 211 3794 ⁶
227 3763 401 3814 fabricatorem
421 3765 508 3828 operis]
531 3764 623 3828 virgil.
639 3765 691 3816 ‘Et
762 3768 862 3816 'Nullo
870 3766 968 3830 winde]
990 3767 1251 3818 Quuireroetante

167 3835 222 3899 ipse
232 3839 285 3888 doli
295 3837 438 3888 fabricator
451 3838 553 3898 Epona?
728 3840 856 3889 sociorum
882 3839 1032 3893 discessum,
1056 3845 1114 3900 port
1135 3837 1251 3899 juratam

200 3913 279 3962 llere
294 3927 346 3976 qu
361 3913 403 3961 aab
417 3913 513 3975 pedibas
525 3921 603 3979 eruat,
621 3917 689 3976 rotie,
728 3926 829 3975 pacem,
841 3911 943 3974 qnidam
960 3925 977 3959 ι
992 3910 1091 3959 areca
1107 3913 1146 3958 vel
1164 3913 1251 3962 vulne·

170 3988 221 4051 isa]
247 3989 302 4038 Sub
321 3988 431 4052 pedibus
450 3994 519 4038 rotas
532 3989 688 4052 subjecerat.
730 3985 779 4034 rati
790 3984 890 4032 sirrtvel
902 3982 1048 4033 interlecti:
1067 3983 1201 4034 ridieuinrn
1210 4003 1249 4036 ao·

169 4063 238 4124 virg.
251 4079 282 4114 rr.
301 4064 355 4113 AEn.
376 4063 558 4128 ‘Pedibusqrre
574 4073 687 4116 rotarum
701 4057 706 4066 '
727 4075 771 4118 ue,
782 4067 809 4110 ct
818 4057 858 4108 sui
867 4059 910 4108 trie
921 4057 1019 4108 oblitos
1030 4066 1071 4108 est
1080 4059 1185 4122 Dictys.

171 4129 312 4202 Subjicinnt
324 4138 426 4203 lapsus-⁹
