2959 4875
233 365 298 430 416
632 376 788 424 rosnrrrr
812 375 937 423 rscsur

236 523 317 588 Sola
332 521 428 595 viret,
443 519 589 601 nullique
605 535 686 580 suas
701 516 924 580 communicat
939 516 1092 578 umbras:

235 623 354 688 Cetera
367 621 556 705 Cyrrhaeam
574 627 749 683 veneratur
764 618 860 702 sylva
872 617 1057 701 juventam,

235 725 371 791 Celsum
387 723 596 788 summittens
610 721 753 803 apicem,
768 721 935 802 longeque
949 717 1086 780 reducta

236 826 402 910 Majorem
418 832 542 888 temere
558 829 736 906 poscentes
751 820 834 884 abra
847 819 981 884 frondes
1258 813 1325 879 tao

236 928 402 1007 Castigat,
417 925 601 1006 metuitque
616 923 722 986 sacris
738 939 910 986 occurrere
922 921 1036 984 remis.

237 1030 317 1092 Huc
334 1027 440 1105 Deus,
453 1033 511 1090 aut
527 1045 637 1100 casus,
654 1031 743 1088 certe
756 1023 969 1104 gratissimus
984 1039 1082 1096 error,

236 1130 386 1206 Pertulit,
401 1133 550 1211 ereptum
568 1126 690 1200 sociis;
706 1125 769 1190 hac
784 1125 884 1189 laetus
900 1123 935 1186 in
950 1123 1068 1186 umbra

236 1230 387 1294 Mirabar
400 1232 529 1294 laurum
544 1228 674 1294 vivacis
689 1229 761 1308 lege
771 1226 919 1311 Juvent'oe

237 1331 298 1395 Nil
310 1331 332 1394 J
335 1351 399 1394 ove
413 1337 540 1394 mutato
553 1347 712 1412 passam:
733 1327 880 1391 mirabar
894 1333 929 1390 et
944 1325 1068 1389 Eurum

237 1433 408 1497 Murmure
424 1431 612 1495 adulantem
627 1429 732 1506 soliis,
748 1437 783 1491 et
796 1426 972 1490 frondibus
987 1443 1102 1490 auram

237 1533 408 1597 Seoretum
425 1533 551 1614 spirare
566 1551 683 1610 sunm3
702 1547 779 1593 cum
793 1527 953 1609 languida
967 1527 1093 1591 sensim

238 1630 306 1695 Fur
321 1633 409 1696 oculi
425 1651 559 1696 somnus
573 1632 721 1694 invitans
737 1630 819 1706 otia,
834 1627 996 1692 blandum

237 1730 393 1797 Pectoris
409 1734 510 1798 elusit
525 1733 682 1806 studium,
696 1749 862 1811 curasque
875 1727 1000 1792 fefellit.

236 1833 294 1896 Sic
310 1841 411 1916 ceput
424 1834 568 1896 herboso
583 1831 771 1914 projectum
787 1830 916 1911 cespite
930 1829 1049 1905 fultus,
1263 1825 1328 1888 230

239 1931 393 1996 Delicias
408 1933 503 1996 hausi
521 1934 703 2014 Supemm:
726 1950 786 1995 nec
800 1930 923 1995 l'rivola
939 1938 1056 1993 suetus

239 2030 279 2095 lu
295 2032 425 2114 plebem
440 2033 563 2096 lusisse
576 2051 688 2114 sopor,
702 2031 761 2094 sed
774 2033 904 2094 somnia
917 2049 1027 2112 regom

240 2132 406 2208 Dignatus
418 2134 540 2197 subiit:
562 2133 673 2214 magni
689 2139 771 2196 rnox'
783 2141 889 2214 nupta
900 2132 1071 2206 Tonantis,

241 2229 282 2296 Et
297 2231 426 2311 Venus,
442 2239 477 2298 et
492 2235 606 2298 Pallas
621 2253 695 2298 sese
708 2234 943 2316 languentibus
959 2235 1046 2298 ultro

732 2464 841 2517 NOTAE

271 2598 320 2645 222
331 2594 489 2644 Gratissima
496 2595 573 2660 error]
584 2597 614 2646 ln
624 2596 696 2646 libris
706 2604 765 2646 erat
805 2596 947 2660 descriptio
964 2603 1004 2645 est
1021 2593 1090 2657 apud
1108 2595 1199 2657 Cbrys.
1211 2594 1236 2641 iu
1252 2594 1329 2653 Acta,

240 2670 436 2734 ‘grauissimum'
462 2671 556 2721 Horat.
574 2673 765 2735 Epicuru‘Et
806 2671 937 2720 nomm.
953 2675 1012 2719 405.
1029 2670 1057 2719 oi
1072 2668 1121 2731 γὰρ
1139 2668 1227 2731 ὄρνιθες
1242 2668 1330 2730 abrasi,

239 2745 341 2795 demtus
360 2760 406 2808 per
424 2746 475 2795 sim
492 2746 585 2795 meotis
605 2748 765 2810 gratissimus
804 2748 854 2795 dre.
870 2746 1004 2808 Synasium
1018 2746 1132 2807 Emllt.
1148 2745 1246 2793 Eodem
1255 2744 1330 2792 modo

239 2820 331 2872 error!
805 2820 901 2869 catull.
909 2820 943 2869 de
955 2817 1091 2869 ductibus:
1108 2819 1204 2882 ‘ipsius
1214 2827 1274 2867 aute
1286 2832 1330 2880 pa·

271 2899 321 2944 226
334 2895 457 2943 Murmure
468 2895 689 2957 rdslurstsmseliis]
721 2898 765 2947 Sic
806 2893 1190 2945 daafluctussalisalludebant’
1207 2893 1332 2943 Ovid‘at

237 2969 366 3033 ‘Zephyri
373 2970 518 3032 molentes,'
525 2969 671 3032 apudVirg.
678 2972 765 3034 Eclog.
807 2968 833 3017 in
845 2970 1019 3019 alludentibus
1031 2970 1121 3018 undis.¹

240 3060 267 3095 v.
283 3044 468 3095 ὑιωκάλλοντεε
484 3044 635 3106 psalmorum
645 3046 765 3095 'llseocri-
838 3046 1332 3109 nsfsrscslismss1cuero‚·soar-

240 3129 283 3170 to:
302 3120 370 3169 uude
379 3128 406 3169 et
416 3120 452 3169 ait
461 3119 683 3183 inmaculatum.
695 3121 766 3171 Aris·
806 3136 854 3171 nus
863 3122 1009 3186 perfugium
1021 3122 1153 3185 laborum,'
1163 3137 1194 3171 rr.
1211 3123 1334 3171 Divinas.

240 3194 766 3260 tenluanr.loosaadrmssrsaladrds·
807 3196 935 3246 Pindarus
978 3198 1049 3247 bases
1077 3197 1168 3259 yauabr
1197 3196 1332 3258 summa·

239 3269 298 3336 pil).
317 3270 380 3322 llus.
393 3272 523 3335 ‘Cumque
532 3272 585 3320 suis
594 3272 706 3337 loquitur
715 3280 766 3321 tre·
807 3272 886 3337 Pyre.
903 3273 956 3323 Od.
967 3278 993 3322 9.
1011 3274 1146 3329 Colutbus,
1164 3273 1204 3335 νὺξ
1218 3273 1245 3322 sl
1256 3274 1332 3321 alm

225 3347 618 3425 ⁸mulruncourarrineavootisss
649 3348 766 3397 Terenti·
806 3348 1143 3412 dummnoxpsrtngium
1151 3348 1331 3398 laborantium.

149 3427 153 3435 '
241 3437 305 3471 snus
329 3422 447 3483 Maurus,
463 3423 564 3471 ‘Pinea
580 3422 686 3471 braclria
704 3422 766 3471 duur
805 3424 851 3473 sil.
867 3425 1037 3473 ‘Noxsossni
1048 3423 1177 3486 genitrix!

241 3495 384 3557 trepidant,
395 3496 481 3543 Audio
497 3497 651 3545 craticulam
664 3496 766 3560 Zephy-
836 3502 886 3548 m
902 3499 1002 3548 Soassa'o
1017 3514 1100 3559 regam
1111 3499 1233 3561 Dignatus
1248 3496 1333 3559 ntus]

241 3570 281 3620 rl·'
296 3570 458 3632 aarum&
472 3571 590 3620 corrues.
616 3572 766 3622 ltaCetull.
806 3573 873 3622 Vide
886 3573 1077 3624 Artemidorum
1095 3575 1252 3624 Daldianusu
1272 3589 1291 3623 r.
1306 3578 1331 3622 8.

241 3646 369 3697 etClsnd.
379 3648 386 3675 ¹
396 3653 514 3695 nutantes
522 3645 649 3696 Plataniz'
659 3649 768 3698 ‘nutant
806 3656 835 3696 st
844 3652 869 3697 7.
879 3649 943 3697 item
954 3662 999 3697 srr.
1014 3654 1057 3699 til.
1074 3652 1193 3713 apposite
1210 3652 1273 3699 itera
1285 3650 1333 3699 Ni·

242 3722 275 3773 ad
287 3730 376 3773 mutua
389 3722 479 3784 pslmer
491 3721 600 3770 Foedera
611 3720 628 3769 ι’
642 3722 779 3772 ltnoauea¹
806 3724 946 3785 sephorum
963 3724 1107 3788 Gregoram
1124 3734 1289 3775 commentar.
1305 3725 1334 3773 isa

242 3799 311 3863 apud
336 3799 440 3849 Lucret.
468 3797 593 3862 ‘gannitu
616 3798 684 3850 secu
705 3798 768 3847 adu·
806 3799 909 3862 synesii
920 3798 1013 3849 librum
1024 3801 1058 3850 de
1071 3801 1208 3850 losomniis
1218 3804 1276 3851 stt.
1284 3804 1334 3850 tro.

241 3874 314 3925 lant?
345 3874 424 3925 Osid.
442 3886 500 3924 arv.
520 3874 629 3923 Metam.
651 3873 768 3938 ‘perque
808 3882 836 3924 et
855 3876 996 3939 Rigalrium
1014 3878 1040 3924 in
1058 3875 1218 3926 Artemidori
1240 3876 1334 3925 librnar

241 3948 353 3999 ferarum
363 3950 463 4014 Agmerr
475 3950 642 3999 adulantum?
659 3951 768 4000 Homer.
807 3952 927 4012 primum.
945 3952 1031 4001 Recte
1041 3966 1103 4001 sero
1112 3952 1187 4001 Pbllo
1199 3954 1240 4003 De
1249 3951 1335 4002 Abra·

244 4024 346 4087 οὐρῇσιν
354 4025 768 4089 μικρῇσιπφισσιίνοπιεὰνέπν.
807 4025 875 4075 bami
896 4029 998 4091 migrat.
1025 4028 1116 4090 mals
1133 4027 1213 4085 haer,
1234 4026 1337 4090 des-tls

243 4096 338 4147 Similis
356 4108 486 4149 ventorum
504 4102 561 4149 lene
583 4102 768 4151 susurrantium
807 4102 1058 4167 limatum-⁶⁸⁰·
