2959 4875
407 366 455 421 un
478 368 658 421 rrrsronrt
682 366 795 420 suunt
819 363 995 422 rnorem.
1195 352 1241 423 39

144 526 226 597 pag.
241 514 431 581 lou-loo.
453 514 595 597 denique
610 514 703 597 apud
718 509 903 578 cedrenum
913 516 948 577 in
965 514 1048 577 serie
1064 510 1239 580 ilistorita

17 644 18 659 ,
145 618 201 681 sui
214 616 422 701 Compendii.
467 616 655 698 Sequuntur
674 615 751 680 dein
773 614 844 692 elii,
865 616 1024 698 pleraque
1042 614 1155 680 itidem
1171 619 1237 681 siu-

149 717 284 797 gularia,
300 725 336 781 et
346 718 436 782 iuter
456 736 492 780 se
508 717 666 780 tamenin
687 716 781 781 hisee
795 717 988 781 auctoribus
1007 718 1233 798 congruentia,

146 818 249 883 veluti
271 819 313 883 de
341 823 449 882 morte
479 817 612 881 Paridis
645 818 751 881 tribus
783 817 974 882 vulneribus
1000 837 1021 881 a
1047 816 1236 883 Philocteta

147 919 318 997 vulnerati,
330 925 364 985 et
377 922 534 983 insecuta
546 918 697 983 OEnones
712 925 829 996 morte,
844 920 888 983 de
903 919 1058 1002 prodigio
1077 919 1235 998 infausto,

17 1036 18 1051 ¹
145 1018 234 1101 quoti
259 1019 419 1103 Trojauis
441 1018 519 1083 dein
536 1020 720 1096 obvenerit,
741 1018 784 1082 de
806 1019 974 1102 legatione
990 1019 1171 1087 Antenoris
1189 1022 1235 1085 ad

145 1119 296 1198 Graecos,
311 1122 354 1185 tle
380 1122 533 1203 pactione
561 1120 646 1183 iuter
674 1118 817 1184 Graecos
842 1128 877 1184 et
897 1122 1071 1205 Troianos,
1093 1123 1233 1205 turpiter

145 1222 297 1302 proditos
313 1222 357 1286 eb
381 1222 555 1296 Antenore,
569 1226 603 1285 et
616 1221 778 1305 deceptos
785 1222 1000 1305 jurejurando
1022 1222 1231 1298 Graecorum,

17 1356 18 1369 ,
145 1322 184 1385 de
198 1324 256 1387 lite
275 1324 363 1386 iuter
377 1322 535 1405 Ulyssem
549 1326 582 1385 et
593 1322 746 1405 Ajacem,
761 1341 825 1387 non
836 1323 877 1386 de
892 1326 990 1401 armis
1003 1321 1158 1401 Achillis,
1173 1323 1232 1386 sed

145 1423 187 1486 de
201 1422 372 1501 Palladio,
393 1422 536 1505 denique
551 1422 592 1485 de
606 1441 689 1488 nece
700 1424 821 1504 Ajaeis
838 1433 942 1488 nootu
958 1426 993 1488 iu
1015 1427 1155 1489 tentorio
1170 1445 1230 1490 sno

142 1524 255 1601 ooeisi,
268 1544 337 1587 nou
352 1543 415 1587 sua
429 1542 541 1601 manu,
557 1524 617 1589 aed
629 1524 706 1589 dolo
723 1524 871 1609 Ulyssis,
886 1528 991 1609 quiet
1005 1527 1083 1591 ideo
1098 1546 1142 1591 ex
1157 1546 1230 1591 cas·

143 1628 202 1689 tris
217 1624 416 1691 Graecorum
430 1625 593 1706 aufugerit
606 1626 640 1689 in
655 1624 854 1691 'limeiamt
877 1648 953 1710 quae
976 1628 1089 1692 omnia
1111 1628 1231 1691 iterum

141 1725 268 1793 Noster
280 1728 384 1792 habet
405 1727 464 1790 lib.
481 1741 530 1788 rv-
545 1732 629 1790 extr.
650 1734 683 1793 et
707 1733 781 1791 toto
803 1727 862 1792 lib.
881 1743 917 1793 v.
962 1726 1104 1791 Malelas
1119 1736 1231 1793 autem

77 1872 80 1877 ,
141 1828 175 1891 iu
199 1830 349 1893 oratione
364 1821 499 1910 Ulyssis
520 1825 564 1891 ad
586 1826 725 1893 Graecos
747 1828 789 1892 de
814 1828 966 1893 Palladio
987 1847 1021 1912 p.
1037 1827 1228 1894 lto-144.

138 1938 173 1995 et
187 1929 360 1995 cedrenus
381 1928 684 2012 p.130.131.132.
728 1928 879 1993 Ceterum
899 1930 1025 1996 indicio
1043 1933 1118 1997 hmo
1138 1936 1230 2008 sunt,

137 2034 202 2097 nisi
231 2030 331 2095 valde
354 2031 464 2106 failor,
490 2032 686 2109 certissimo,
710 2030 919 2095 verissimum
949 2052 1034 2110 esse,
1063 2034 1151 2116 quod
1184 2034 1231 2097 ait

140 2139 252 2196 noster
266 2131 462 2214 Septimius,
479 2148 523 2193 ex
547 2130 672 2196 Graeco
697 2131 880 2215 Scriptore,
906 2134 965 2215 qui
989 2133 1133 2218 Diotyos
1148 2133 1231 2199 Cress

137 2235 241 2298 tensis
262 2252 382 2297 nomeu
406 2232 614 2314 praeierebat,
642 2234 745 2298 hosce
767 2233 900 2297 libellos
923 2235 966 2297 ab
988 2253 1025 2297 se
1047 2254 1176 2309 versos,
1197 2242 1229 2299 et

139 2334 196 2399 illo
214 2334 349 2418 quidem
373 2335 459 2417 ipso,
475 2320 531 2415 qni
544 2320 576 2398 'a
602 2335 843 2419 posterioribus
857 2333 998 2409 Graecis,
1012 2352 1052 2397 ao
1078 2333 1230 2415 inprimis

140 2432 277 2512 Helela,
291 2434 443 2516 cognitus
458 2434 519 2498 suit
530 2455 574 2500 eo
588 2435 730 2512 nomine,
742 2443 776 2500 et
789 2455 883 2517 saepe
894 2436 1024 2500 citatus.

183 2549 254 2600 xx.
275 2536 365 2600 Nam
388 2535 477 2619 quod
495 2535 653 2601 Barthius
668 2536 911 2618 suspicabatur,
925 2536 1068 2602 Graecos
1082 2557 1136 2614 ea,
1151 2553 1228 2620 quae

139 2639 287 2723 Dictyos
310 2637 442 2701 nomine
468 2639 584 2715 citant,
603 2637 765 2701 sumsisse
777 2655 821 2702 ex
841 2637 905 2702 lroe
927 2637 1047 2702 Latino
1071 2637 1227 2720 Septimii

17 2763 18 2778 ¹
137 2739 311 2825 opusculo,
340 2738 394 2803 vel
421 2737 487 2802 hoe
508 2739 617 2821 ipsum
644 2737 843 2820 opuseulum
866 2739 900 2802 iu
925 2737 1082 2804 Graecam
1108 2745 1228 2822 postea

17 2847 18 2918 Ϊ
137 2841 282 2924 liugnam
302 2840 516 2915 convertisse,
531 2838 566 2902 id
584 2838 739 2922 prolecto
763 2840 807 2902 ab
829 2838 917 2902 omni
944 2839 1013 2902 veri
1037 2841 1153 2922 speeie
1173 2849 1228 2903 est

17 2999 18 3014 ,
136 2940 389 3016 alienissimum,
404 2959 479 3004 curn
494 2946 609 3004 noster
619 2959 681 3003 sua
695 2959 731 3004 se
741 2940 852 3022 ipsum
864 2956 884 3002 e
897 2938 1021 3004 Graeeo
1036 2941 1228 3015 venissest

136 3042 296 3108 nonnulla
325 3040 440 3104 Graeci
477 3043 623 3106 auctoris
650 3043 870 3118 contraxisse,
898 3041 987 3105 ultro
1014 3044 1226 3126 profiteatur:

17 3150 18 3206 l
138 3164 214 3209 oum
229 3148 280 3208 tut
301 3144 336 3206 in
351 3161 392 3206 eo
407 3148 581 3206 occurrant
595 3143 723 3226 passim
737 3141 974 3219 Grecismint
996 3160 1100 3225 supra
1114 3148 1226 3233 osten·

137 3244 258 3323 dimus,
272 3245 375 3306 immo
398 3249 432 3307 et
446 3243 614 3308 voeabula
628 3245 673 3308 ab
694 3245 771 3326 ipso
785 3243 925 3326 primum
947 3261 992 3306 ex
1016 3242 1139 3307 Graeeo
1154 3261 1225 3307 ser·

17 3361 18 3366 ’
137 3365 232 3410 mone
253 3363 416 3428 expressa
430 3353 464 3408 et
486 3341 638 3422 formate,
654 3344 754 3428 quale
775 3351 828 3407 est
847 3343 931 3407 illud
955 3345 1075 3408 ‘Jovis
1091 3344 1227 3409 Anteae·

137 3445 288 3512 dilicialis
300 3443 310 3472 '
323 3466 366 3510 ex
381 3445 471 3510 Jove
483 3445 620 3530 'pralp,
636 3453 670 3510 et
682 3437 817 3518 similia,
831 3465 908 3528 quae
923 3445 1111 3510 tersionem
1125 3447 1225 3530 liqui·

137 3550 178 3614 rio
192 3544 387 3614 declarant:
411 3564 485 3609 oum
508 3555 623 3612 noster
645 3547 679 3610 iu
702 3547 773 3610 Sex
790 3541 911 3611 Libros
932 3545 1104 3612 historiam
1128 3547 1224 3612 rede-

138 3649 228 3732 gerit,
244 3665 346 3734 quam
372 3645 516 3713 Graeens
537 3649 688 3730 Scriptor
701 3667 820 3714 novem
837 3647 894 3712 vel
917 3648 1034 3712 decem
1055 3649 1149 3714 libris
1162 3669 1225 3714 ex·

137 3757 302 3833 posuerat,
328 3755 418 3813 teste
441 3749 563 3814 Suida:
587 3770 662 3815 cum
678 3750 792 3816 Graeci
817 3769 862 3814 ex
888 3769 950 3813 suo
972 3749 1096 3834 Dictys
1115 3751 1225 3816 multa

138 3851 278 3927 afferant,
293 3867 372 3934 quae
396 3849 432 3912 in
456 3857 570 3916 nostro
596 3871 661 3915 uon
679 3851 895 3936 reperiuntur,
922 3850 1028 3914 veluti
1043 3850 1225 3915 characte-

137 3969 184 4016 res
205 3951 361 4016 Heroum
377 3971 386 4014 t
410 3969 486 4014 cum
499 3950 645 4036 denique
665 3952 825 4028 Muluius,
838 3951 898 4035 qui
911 3951 1055 4034 linguam
1071 3951 1224 4018 Latinam

139 4053 190 4116 rix
212 4052 400 4130 intellexit,
415 4057 454 4115 ut
473 4053 605 4118 abunde
626 4055 784 4138 probarit
799 4051 1016 4116 Clarissimus
1037 4050 1172 4115 Hodius
1187 4054 1223 4116 iu

137 4151 457 4241 nongentesima
474 4153 597 4239 Dictye
612 4155 766 4237 pleraque
788 4151 889 4235 liujus
909 4151 1056 4218 historias
1071 4151 1222 4220 hausisse
