2959 4875
239 313 283 380 aa
495 329 576 381 rac.
599 328 795 379 ssarzorrrr
820 328 1069 381 ursssaurrro
1132 374 1139 387 .

239 474 307 539 site
346 470 403 537 Kal
417 474 461 535 aa
484 472 601 537 Φοίνικα
623 473 672 537 rdr
686 472 833 561 Ἀγῇωρος
853 476 920 553 ulis,
939 471 1042 549 οὗτινος
1063 470 1172 560 iyirm
1192 478 1328 561 him

239 570 332 648 Δόνας
344 574 481 651 βασιλεὺς
494 578 508 637 i
528 575 656 651 Ἑκάβης
669 576 775 660 rar-lp,
799 578 832 639 lar
850 578 901 639 τοῦ
915 572 1011 662 γένους
1030 576 1059 639 di
1081 580 1132 639 τοῦ
1147 574 1226 639 Arina
1239 577 1287 639 rai
1309 585 1326 653 sl

237 676 316 753 Alta
331 674 426 760 laqus
441 673 520 743 εἶναι.
564 676 718 741 Maxima
732 678 770 741 in
783 677 848 755 his,
862 684 895 742 et
907 678 1009 741 senne
1023 676 1178 753 dixerim,
1191 678 1325 755 inscita,

238 777 447 860 undenorum
463 776 632 841 homiuum
642 784 677 839 ct
689 776 873 841 lahnlamm
882 778 1048 856 conlusio,
1059 778 1119 843 sed
1132 796 1211 861 qnae
1220 796 1327 862 quan·

236 886 271 945 to
285 878 402 961 maJor,
416 884 450 943 et
459 885 586 961 quanto
600 878 706 960 magis
720 882 774 940 est
788 878 978 960 singularis,
986 884 1081 942 tanto
1095 879 1324 944 certiusnohis

235 981 365 1065 praebet
386 984 621 1062 argumentum,
643 998 720 1044 rere
742 978 906 1043 Malelam
927 990 960 1043 et
980 980 1177 1063 Septimium
1201 983 1326 1066 pariter

235 1100 279 1147 ex
301 1080 419 1145 eodem
442 1080 546 1151 sonte,
567 1078 629 1144 hec
651 1085 715 1157 est,
736 1098 780 1144 ex
803 1079 927 1145 Graeco
943 1080 1080 1164 Dictys,
1094 1082 1187 1164 qnod
1207 1089 1243 1147 et
1255 1083 1324 1167 ipsi

224 1184 391 1259 ‚satentna
421 1198 483 1245 sna
510 1180 672 1246 hausisse.
724 1180 856 1246 Etenim
886 1179 1056 1265 Agenoreo
1080 1183 1173 1249 suere
1200 1184 1323 1268 plures,

234 1304 352 1369 nempe
367 1282 528 1347 Sidonius
541 1282 610 1361 ille,
625 1289 722 1365 pater
736 1282 912 1347 Phoenicis
924 1290 957 1349 et
971 1283 1103 1362 Cadmi,
1116 1286 1203 1350 alins
1224 1290 1325 1368 pater

233 1386 353 1452 Phinei
375 1386 525 1461 Thracis,
538 1383 629 1449 illius
650 1384 694 1448 ah
718 1382 886 1467 Harpyiis
908 1386 1035 1462 vexati,
1052 1386 1095 1451 de
1117 1405 1185 1470 quo
1206 1384 1324 1451 Valet.

233 1486 389 1564 Flaccus,
418 1485 542 1568 Argon.
570 1499 619 1547 ιν.
645 1486 720 1549 444.
763 1485 869 1550 ‘Non
890 1506 953 1569 ego
979 1506 1067 1552 nnnc
1088 1506 1209 1570 magno
1229 1488 1322 1570 qnod

232 1597 344 1657 cretas
358 1588 513 1671 Agenore
530 1584 697 1663 Phineus,'
717 1587 847 1653 scilicet
861 1607 1126 1655 commemorem.
1169 1589 1323 1672 Denique

231 1686 611 1766 arushdee,'1hestii
625 1686 734 1751 AEtoli
756 1694 862 1771 pater.
907 1690 984 1754 Hos
1009 1708 1138 1767 omnes,
1158 1696 1257 1755 atate
1271 1682 1321 1754 ‘et

230 1794 340 1879 patria
365 1792 446 1855 licet
470 1788 633 1867 diversos,
648 1789 683 1851 in
707 1808 805 1855 uuum
833 1790 1007 1855 Sidonium
1027 1791 1168 1857 contulit
1188 1790 1319 1875 Dictys,

229 1896 308 1961 dum
334 1892 378 1959 ad
399 1892 491 1957 illum
514 1888 610 1954 refert
633 1891 789 1972 originem
811 1892 916 1957 Ircdar
937 1898 972 1956 et
985 1891 1159 1957 Hecubae:
1181 1899 1217 1957 et
1229 1909 1321 1975 presa

229 2002 321 2061 terea
347 2012 446 2077 quem
472 1990 634 2074 Agenoris
656 1991 762 2055 lilium
786 1993 843 2057 hic
867 1991 1095 2058 ‘Phoenicem'
1121 1991 1214 2068 dicit,
1240 2010 1317 2057 eum

228 2098 305 2163 dein
323 2112 377 2160 nr.
391 2098 422 2159 6.
445 2102 479 2161 et
503 2110 551 2157 ιν.
574 2092 627 2158 2‘2.
648 2093 856 2158 ‘Phineum'
873 2094 1030 2177 appellat,
1050 2091 1200 2176 lecitque
1220 2110 1318 2157 soca-

227 2219 298 2265 rum
313 2196 476 2271 Dardani,
500 2195 588 2259 unde
612 2212 708 2276 reges
725 2193 875 2279 'l'rojani
900 2198 1031 2278 etipse
1054 2194 1194 2279 musas,
1219 2202 1317 2277 pater

115 2296 117 2301 ’
174 2292 179 2309 “
228 2300 392 2387 Hecubae.
436 2296 595 2363 Ceterum
610 2314 654 2359 ex
671 2294 800 2360 Malela
814 2305 918 2380 patet,
931 2296 1013 2360 nihil
1033 2295 1089 2360 hic
1103 2296 1138 2359 in
1151 2296 1319 2378 Septimio

225 2402 280 2470 vel
310 2402 429 2485 Dictye
454 2396 657 2463 mutandum.
701 2398 770 2464 Sed
792 2404 827 2464 et
852 2398 1034 2482 posteriora
1063 2395 1213 2475 Maleloe,
1235 2417 1316 2483 ane

225 2503 344 2570 tentari
359 2500 456 2567 video
483 2498 721 2563 adoctissimo
744 2499 819 2582 ejus
836 2498 972 2577 editore,
987 2500 1045 2582 qni
1070 2499 1174 2564 voluit
1194 2499 1244 2562 καὶ
1264 2503 1316 2577 τὴν

224 2605 328 2683 Λήδαν,
341 2603 424 2668 satis
443 2600 522 2664 mihi
537 2598 672 2683 quidem
687 2599 838 2664 videntur
861 2599 1001 2682 integra.
1044 2599 1146 2684 Sapo
1158 2601 1243 2664 cuim
1256 2601 1315 2666 hie

224 2705 387 2772 anctoriu
409 2702 525 2767 eadem
548 2701 696 2766 oratione
718 2701 854 2766 modom
875 2702 1031 2785 loquendi
1052 2701 1192 2767 mutavit
1205 2720 1250 2767 ex
1263 2703 1316 2768 di-

221 2816 314 2874 recto
342 2805 377 2870 in
398 2803 601 2878 indirectum,
622 2821 667 2866 ex
688 2799 780 2866 linito
801 2805 834 2866 iu
856 2803 1029 2869 inlinitum.
1072 2803 1315 2888 Respiciantur

88 2982 94 2989 ,
222 2909 323 2974 modo
336 2907 397 2970 illa
419 2907 507 2987 ipsa,
522 2923 599 2988 quae
622 2903 775 2985 proxime
789 2908 961 2989 superiore
981 2905 1193 2989 paragrapho
1214 2905 1313 2970 exhi·

221 3011 368 3076 huimns.
409 3007 533 3070 Sensus
544 3023 622 3070 vern
635 3012 698 3082 est,
711 3003 838 3069 dixisse
850 3005 1014 3069 Helenam
1029 3005 1105 3069 hoec
1114 3005 1208 3088 ipsa:
1231 3007 1312 3071 ‘Ex

221 3130 337 3194 genere
352 3115 462 3174 autem
484 3105 625 3191 Dymre’
650 3105 745 3190 (nam
765 3110 888 3172 rectius
909 3107 956 3172 ita
977 3107 1160 3190 Septimius
1180 3114 1310 3186 noster,

221 3231 323 3298 quam
339 3209 484 3276 Malelas
499 3217 534 3274 et
548 3206 722 3272 Cedrenns
746 3207 914 3292 ‘Dyuash
929 3212 940 3241 ‘
953 3208 1055 3272 etiam
1069 3205 1163 3272 Leda
1176 3227 1213 3271 se
1227 3228 1309 3274 esse

220 3312 373 3379 dicebat’
416 3309 523 3375 Plane
536 3318 576 3374 nt
589 3307 702 3373 eadem
717 3311 902 3374 mutatione
916 3307 1077 3392 loquendi
1091 3307 1261 3374 cedrenus
1273 3310 1310 3372 ia

218 3413 313 3500 γίνους
323 3414 352 3476 di
361 3417 410 3478 τοῦ
417 3411 505 3484 Δάνα,
520 3412 567 3474 aei
584 3411 661 3488 Λήδα
672 3411 732 3475 ieri
747 3412 837 3497 μήτηρ
850 3414 868 3488 ἦ
875 3415 938 3495 ἐμὴ,
951 3412 1075 3476 linotet
1086 3412 1165 3476 istic
1180 3416 1308 3495 superi-

221 3535 281 3581 ora
289 3535 348 3598 per
356 3513 518 3578 inlinitum
527 3514 594 3576 sint
602 3513 769 3595 exposita.
791 3512 1018 3597 Suhjicinntnr
1027 3511 1205 3576 hiscadein
1213 3513 1306 3596 apud

217 3617 295 3683 illos
326 3635 455 3690 omues,
480 3612 649 3691 Maletum,
667 3613 864 3693 Cedrenum,
893 3621 928 3678 et
946 3613 1158 3696 Septimium,
1175 3615 1305 3680 eadem

218 3719 359 3784 Helenae
374 3736 503 3801 preces,
525 3722 535 3749 ‘
552 3735 656 3792 orare,
670 3734 710 3780 ne
737 3735 787 3793 se,
801 3735 879 3799 qnae
905 3717 1007 3779 semel
1019 3715 1054 3778 in
1067 3713 1166 3780 lidem
1186 3736 1304 3784 eorum

217 3826 354 3903 recepta
366 3825 465 3897 esset,
482 3817 682 3902 prodendam
697 3824 866 3900 putarent3
888 3835 928 3881 ea
942 3835 1057 3881 secum
1073 3815 1173 3880 domo
1186 3817 1304 3882 Meno-

215 3923 272 3998 lai,
286 3940 365 4004 quac
379 3921 508 4004 propria
520 3919 670 3994 luissent,
681 3919 761 3981 nihil
774 3925 931 4000 praeterea
945 3917 1114 3984 ablatum.’
1143 3917 1301 3998 Malelas,
1359 3963 1364 3968 -

214 4021 313 4106 ᾔτησεν
326 4021 425 4094 αὐτοὺς
440 4019 593 4104 iperium
605 4023 643 4100 pl
658 4018 825 4102 προδοθῆναι,
838 4018 887 4080 καὶ
899 4016 1027 4104 wavra
1049 4020 1131 4100 padio
1143 4026 1199 4082 rr'nr
1212 4027 1303 4082 Mitr-

214 4121 285 4185 λάου
300 4121 452 4202 sitacium,
465 4124 546 4186 ἀλλὰ
559 4117 600 4184 ra*
614 4117 670 4183 itta
683 4117 759 4202 priva
774 4118 869 4205 ἔληιν
877 4118 963 4206 ἔχειν.
993 4121 1101 4187 Hisne
1116 4121 1214 4187 dictis
1228 4121 1301 4185 He·
