2959 4875
224 329 289 394 528
611 342 767 394 rosurur
793 343 917 394 recum

226 491 376 572 Utraque
390 491 497 554 castra
512 493 639 571 patent,
655 491 707 554 ias
721 489 789 555 civi
803 488 907 554 Graia
922 487 1035 554 videre

226 591 385 668 Carbasa,
399 590 452 655 sas
467 589 557 654 hcsti
569 591 731 676 Phrygios
745 592 887 656 lustrare
901 597 1046 676 penates.

270 693 360 758 Dum
375 692 425 757 sic
439 691 583 758 alternos
598 693 720 772 aditus,
731 694 859 758 alterna
873 700 1044 777 pemrrant

227 793 368 871 Moenia,
382 800 534 859 natarum
548 815 645 861 saera
659 796 842 862 comitante
855 801 989 860 caterua

227 893 1079 982 HectoreosManes'lnymbraeeinlimineporte
1273 895 1320 958 ⁷5

226 995 348 1060 Placat
361 1001 500 1080 uterque
514 1013 658 1080 parens:
680 997 768 1062 cinis
783 1014 927 1074 annuus,
938 995 1053 1060 umbra
1066 995 1221 1060 laborans

226 1097 381 1164 Solantes
396 1096 517 1180 epulas
531 1098 742 1182 lamentaque
755 1099 842 1164 festa
853 1097 1016 1182 reposcit,

226 1199 272 1264 Et
285 1199 403 1263 tumuli
417 1198 554 1280 lugubre
571 1199 686 1264 decus.
733 1200 832 1266 Stant
845 1199 937 1264 crine
951 1198 1062 1264 solutc

106 1315 109 1321 '
227 1299 365 1378 iliades,
381 1299 452 1364 base
467 1308 587 1382 questa
601 1301 721 1379 virum,
735 1308 849 1367 natum
866 1300 983 1379 altera,
996 1299 1132 1365 stenem

227 1401 357 1480 Multae,
373 1420 457 1466 nunc
472 1404 595 1485 pariter
606 1404 732 1485 lugent,
747 1419 835 1467 nune
848 1399 981 1482 singula
994 1401 1168 1485 plangunt.
1273 1401 1318 1465 80

227 1503 377 1586 Cumque
392 1501 470 1567 aliis
483 1503 518 1568 iu
533 1504 693 1588 pallorem
708 1503 855 1569 candore
870 1501 1007 1584 sepulto

228 1605 434 1672 Febricitent
448 1604 570 1682 uultus,
584 1605 657 1669 sola
671 1623 729 1669 ore
744 1603 922 1688 Polyxena
936 1602 1031 1670 floret

227 1707 377 1788 Sospite,
392 1712 426 1770 et
440 1707 474 1770 in
489 1707 610 1772 faeiem
625 1706 671 1772 nil
686 1705 809 1772 audent
822 1707 939 1772 nubila
953 1707 1087 1770 mentis.

228 1806 328 1870 Hanc
343 1807 448 1886 videt,
462 1807 548 1873 bane
561 1812 670 1890 optat,
686 1815 721 1874 st
735 1813 834 1874 acuto
848 1806 1004 1892 Cypridis
1020 1825 1100 1872 arcu

228 1906 372 1972 Saucius
387 1907 546 1973 AEacides
560 1909 695 1974 subitos
708 1909 858 1992 suspirat
874 1927 1018 1972 amores.
1273 1906 1318 1970 85

228 2006 342 2091 thue
357 2026 422 2071 usu
437 2008 564 2091 majore
579 2009 697 2075 Venus
712 2011 877 2093 producta
891 2010 1029 2075 tenellos

228 2107 398 2194 Spcudaeo
412 2108 539 2172 stabilit
553 2110 682 2174 animos
697 2111 794 2194 pede,
810 2113 861 2176 sic
875 2130 964 2176 unua
980 2111 1052 2176 voti

229 2213 345 2276 Causa
360 2229 459 2294 pares
474 2209 640 2288 stimulos,
656 2211 851 2295 similesque
866 2212 1051 2277 immobilis
1065 2210 1160 2294 ignes

229 2312 365 2390 Haurit,
380 2318 413 2376 et
426 2313 461 2375 in
474 2311 637 2375 thalamos
652 2314 834 2396 peritumrn
851 2315 980 2380 emollit
993 2313 1171 2378 Achillem.

271 2414 361 2497 Ergo
375 2432 437 2477 nec
453 2430 618 2479 armorum
633 2415 794 2494 meminit,
808 2434 871 2482 uec
884 2415 1000 2500 praelia
1013 2419 1122 2489 curat,
1274 2411 1317 2475 90

228 2517 372 2599 Jamque
386 2515 491 2581 redire
505 2515 595 2595 velit,
612 2518 809 2601 patriosque
824 2520 983 2583 reducere
995 2522 1115 2593 coetus,

229 2617 275 2682 Et
290 2621 392 2681 totam
410 2616 542 2681 turbare
556 2619 671 2695 aciem,
686 2621 716 2683 si
731 2620 824 2701 regia
841 2620 937 2685 detur

228 2715 334 2801 Virgo
350 2716 426 2794 sibi,
441 2736 646 2802 consorsque
660 2720 732 2801 tori,
748 2722 958 2805 pretiumque
972 2734 1134 2785 necemus·

723 2938 748 2989 N
752 2938 829 2989 0⁸1¹AE

261 3051 293 3097 ib
311 3045 440 3097 neom
460 3048 546 3099 Manes
564 3050 709 3113 maurae
729 3052 756 3098 ta
795 3050 886 3100 Iudice
909 3050 1015 3100 Lueret-
1047 3047 1192 3101 mundana
1211 3062 1273 3097 aero
1290 3047 1319 3095 iu

228 3124 310 3173 liniae
332 3122 419 3187 perta]
450 3124 544 3188 Papiu.
571 3124 756 3191 ‘'l'roJanaque
788 3126 931 3187 febricitant
942 3125 1062 3177 Catullus
1072 3133 1101 3175 et
1114 3123 1243 3175 Martialis
1259 3136 1319 3187 pro·

228 3198 360 3263 'l’lryrubra
371 3198 486 3249 tacebit!
511 3199 606 3264 Dictys
616 3200 701 3250 lucum
710 3216 754 3251 uc·
794 3203 903 3253 dumet.

229 3275 311 3326 minat
318 3274 507 3339 'l'lryurbrreum
525 3276 599 3328 ercd
610 3276 755 3335 addit,‘ci·
826 3283 857 3329 8⁶
875 3279 976 3330 Saucius
991 3279 1103 3329 AEacidea
1115 3276 1204 3327 ulitur
1217 3273 1319 3337 asspiro!

230 3350 269 3399 nir
281 3350 396 3413 auuuua,'
414 3350 447 3399 de
465 3351 640 3415 parentalibus
650 3359 677 3401 et
691 3352 754 3401 liba·
793 3354 896 3418 amca]
912 3354 1083 3405 Aristanrtua
1095 3352 1182 3417 Epist.
1197 3355 1239 3401 tt.
1256 3347 1321 3409 rexi

230 3424 341 3475 tionibus
352 3426 485 3487 iutelligit,
500 3432 529 3473 ut
545 3424 627 3475 infra:
643 3424 756 3476 ‘Annua
794 3430 823 3479 ri
834 3430 997 3495 ἐπαφρόδιτοι.
1025 3431 1060 3480 Et
1071 3430 1180 3479 (ir-cua
1191 3426 1279 3491 posite,
1291 3431 1322 3473 ut

230 3499 755 3561 Memnoniopactasolenuiabuato:'de
795 3508 954 3570 Epiphanius
969 3507 1063 3570 aliegat
1086 3506 1111 3554 iu
1134 3503 1321 3553 Nicolaitaruru

229 3572 321 3639 quibua
331 3587 364 3621 aa
377 3572 495 3623 Heraldo
511 3574 701 3625 Kirclunanuua
711 3576 755 3627 lib.
794 3580 897 3637 berani,
908 3596 935 3644 p.
943 3585 985 3631 ⁸⁰.
996 3580 1025 3628 vl
1036 3578 1126 3630 κάλλος
1135 3576 1266 3641 saeue.

230 3662 269 3701 ιν.
290 3652 315 3699 2.
332 3647 391 3696 vids
410 3646 490 3696 etiam
509 3646 644 3697 Heinsium
663 3649 696 3697 de
715 3650 754 3698 luia
826 3659 860 3704 aa
877 3656 980 3706 Tarba·
997 3656 1113 3720 Spondet
1128 3652 1322 3705 stabilitum

231 3730 353 3790 agentern
365 3724 397 3773 ad
408 3722 497 3772 Silium
509 3736 572 3774 aur.
583 3728 640 3773 ttl.
673 3724 755 3775 loin-
792 3728 863 3793 pete]
887 3729 981 3793 ‘Figit
1006 3731 1136 3793 animum,'
1163 3730 1200 3780 ait
1227 3730 1322 3779 Dares·

230 3815 284 3851 aem
297 3798 407 3849 Mimil·
420 3810 459 3847 ¹V·
471 3802 511 3847 1⁰·
796 3805 923 3868 Respexit
945 3807 978 3855 ad
1000 3808 1148 3870 Horatium,
1170 3806 1214 3872 qui
1239 3807 1324 3868 Spon-

263 3879 295 3925 82
313 3874 458 3925 Febriciteat
479 3873 571 3936 cumr]
586 3874 623 3924 Ut
639 3874 758 3937 Planina,
796 3878 867 3929 daca
883 3881 1020 3931 ‘stabiiea'
1042 3890 1135 3932 vocat:
1153 3882 1190 3930 ite
1207 3881 1327 3942 Persius,

230 3949 473 4012 ‘egrotautartea'
497 3950 756 4015 Lueretiuaz‘asqrc-
795 3954 914 4006 ‘Heroon
936 3971 1027 4005 aecana
1035 3954 1053 4018 ;‘
1075 3965 1104 4007 et
1131 3956 1227 4020 Papln.
1247 3954 1325 4005 ‘irie-

232 4026 364 4075 tatiarua!
381 4026 711 4091 videTarrbmannum,qui
723 4041 755 4076 ex
797 4043 855 4080 rnoa
866 4045 955 4095 presan
968 4039 1089 4082 truncare
1100 4031 1223 4082 tenores!
1257 4032 1326 4081 Pro-

233 4098 350 4149 Victoric
368 4110 441 4152 notet
457 4102 519 4151 talia
532 4103 563 4152 ad
575 4102 718 4152 Bacchides
729 4108 756 4152 at
796 4115 864 4171 pert.
880 4116 887 4138 ⁸
898 4107 999 4159 Heroas
1011 4106 1121 4162 umus:

232 4177 409 4231 Trinummum
428 4181 525 4243 Plauti,
544 4181 700 4244 Giplrauinur
728 4182 755 4230 in
