2959 4875
218 346 263 421 tt
484 362 562 419 tie.
588 361 778 416 vnnrzonn
804 361 1049 415 nrssnnrnmo

219 516 262 581 de
286 510 435 579 ‘AEthre’
457 514 578 577 comite
606 508 756 585 Helenae,
771 525 849 590 qnee
871 505 968 571 inerit
987 500 1091 568 muter
1113 500 1251 580 Thesei,
1270 504 1308 567 et

220 637 298 700 qnae
313 616 388 680 ideo
404 611 658 696 Demophoonti
672 610 796 674 Thesei
813 607 852 670 F.
863 610 960 669 extre
969 603 1116 670 ordinem
1125 605 1308 685 assignate,

222 734 273 782 ιν.
287 714 341 783 13.
361 715 491 781 redierit
511 720 587 797 post
602 720 738 794 coptum
757 710 895 792 Trojem
911 706 1073 784 Athenas,
1088 704 1177 789 quod
1192 724 1214 768 a
1228 723 1306 768 vero

219 824 270 884 ent
284 818 533 890 alienissimum,
544 822 578 877 et
589 813 664 877 ideo
674 812 746 895 jem
761 810 805 874 eh
820 811 906 892 ipsis
913 807 1094 873 Veteribus
1109 806 1305 889 explosumt

218 917 430 983 de‘Gestore
444 921 478 979 et
502 913 661 989 Polluce,'
683 912 825 977 Helenae
845 910 1015 987 iratribuS,
1037 901 1307 972 ndhnc'viventi·

219 1020 284 1083 bns
299 1024 447 1083 extremo
461 1014 538 1081 belli
552 1013 690 1098 'Ihojeui
706 1030 805 1088 enno,
823 1028 877 1076 ιιι.
889 1010 943 1075 sse.
959 1008 1003 1073 de
1030 1007 1208 1071 Memnone
1231 1004 1306 1068 tlh·

219 1120 314 1185 thoni
332 1128 434 1203 utque
456 1114 616 1193 Anrorae,'
637 1134 708 1192 seu,
723 1120 763 1178 nt
785 1115 835 1178 nit
850 1128 901 1175 νι.
925 1112 980 1176 10.
1003 1106 1201 1172 ‘Hemerae’
1221 1104 1306 1182 tilio,

214 1224 277 1307 qni
292 1226 386 1287 ‘cnm
401 1220 497 1285 ludis
507 1226 606 1301 etque
616 1216 833 1299 AEthiopihns
846 1217 889 1279 eh
903 1214 996 1298 Jugis
1012 1212 1157 1278 Caucasi
1167 1207 1305 1274 montis'

218 1318 357 1406 Trojmn
380 1322 519 1399 venerit,
536 1336 588 1385 ιν.
602 1325 633 1383 t.
676 1318 764 1383 Tum
782 1316 872 1399 qnod
895 1317 935 1380 lo
955 1314 1038 1380 dicit
1058 1318 1124 1377 ‘ex
1150 1310 1306 1375 Sidonio·

218 1442 292 1488 rum
306 1426 434 1505 regione
448 1422 456 1450 ⁸
478 1428 607 1505 ruptum
622 1422 665 1484 ub
677 1421 811 1502 Argivis
826 1436 865 1482 ιι.
886 1418 939 1483 26.
954 1417 1042 1500 qnod
1057 1434 1104 1480 ex
1116 1410 1305 1487 Herodoto,

218 1544 316 1607 quern
331 1525 428 1588 lib.1.
444 1525 522 1606 ipso
537 1524 572 1585 in
588 1522 684 1585 initio
700 1520 818 1585 videas
833 1520 945 1596 velim,
960 1524 994 1583 et
1013 1538 1088 1583 oum
1102 1522 1211 1579 nostro
1227 1531 1306 1578 eou-

217 1626 316 1701 terns‚
331 1626 488 1690 oberrans
504 1622 608 1687 nostri
624 1622 772 1686 auctoris
792 1622 953 1686 memorie
972 1618 1103 1684 videtur
1126 1615 1305 1681 sumsisse:

219 1726 362 1810 denique
375 1726 466 1810 quod
480 1720 664 1807 Telephum
678 1724 761 1787 lecit
773 1723 901 1803 Regem
915 1719 1092 1787 ‘Moesiae'
1105 1722 1140 1783 iu
1157 1716 1305 1799 Europe,

217 1826 305 1891 unde
320 1826 468 1891 difficilis
491 1828 582 1889 esset
605 1824 777 1908 nerigetio
790 1821 929 1907 Trojnm
951 1837 1078 1899 versus,
1099 1839 1160 1883 neo
1173 1816 1303 1883 institui

215 1928 394 1993 commode
420 1932 535 2010 posset
563 1926 628 1990 nisi
654 1926 750 1990 initio
773 1925 875 1995 reris,
898 1930 1102 2007 quapropter
1129 1926 1164 1986 et
1191 1920 1304 1986 Graeci

217 2027 294 2092 inde
316 2028 469 2092 redierint
483 2030 516 2092 in
532 2026 712 2104 Boeotiem,
727 2034 765 2089 ut
777 2026 826 2089 itn
837 2026 985 2108 sequenti
999 2025 1131 2089 demum
1143 2038 1241 2100 enno,
1254 2034 1307 2085 rez

173 2198 180 2209 ¹
217 2135 368 2211 petentes
379 2130 463 2193 hene
474 2128 728 2209 navigationem,
738 2125 878 2210 Trojnm
892 2126 1001 2209 ipsum
1012 2119 1204 2189 invaderent
1218 2136 1257 2186 ιι.
1270 2124 1305 2187 7.

217 2246 294 2293 cum
307 2230 403 2295 luerit
414 2231 471 2294 ille
494 2228 572 2293 Rex
589 2227 709 2312 Mysius
723 2228 760 2291 in
775 2226 872 2304 Asin,
900 2228 1043 2311 regionis
1058 2246 1134 2309 quie
1149 2225 1305 2309 proxime

217 2336 288 2394 eret
301 2331 424 2414 Trojae.
467 2324 556 2394 Vide
579 2328 628 2393 ibi
650 2329 788 2394 doctiss.
811 2328 1008 2408 Mereerum,
1025 2330 1082 2411 qni
1096 2336 1132 2391 et
1144 2327 1211 2391 nliu
1226 2345 1309 2409 pes·

218 2431 281 2496 sim
297 2432 479 2508 annotavit,
494 2432 595 2514 inque
614 2432 658 2496 iis
680 2431 779 2496 etiem
800 2431 889 2496 mele
903 2451 950 2498 ex
964 2429 1113 2494 Homero
1126 2424 1305 2513 descripte}

217 2529 268 2595 Ut
279 2531 363 2596 odeo
379 2539 502 2596 certum
525 2551 571 2595 ex
586 2525 680 2596 hisce
693 2532 846 2597 omnibus
859 2533 915 2608 sit,
937 2531 1042 2596 fnisse
1062 2551 1140 2596 enm
1154 2550 1220 2595 nou
1235 2549 1307 2595 mo-

217 2631 262 2698 do
283 2651 347 2696 non
375 2634 504 2697 socium
530 2632 627 2698 istius
654 2633 888 2717 expeditionis,
917 2651 987 2716 qno
1009 2642 1112 2715 pecto
1134 2638 1201 2697 tent
1229 2652 1306 2714 gre·

217 2735 301 2798 viter
315 2737 348 2798 iu
367 2735 435 2800 illis
456 2753 560 2799 errore
584 2753 652 2798 non
668 2736 845 2817 potuisset,
860 2733 919 2798 sed
936 2736 1013 2817 ipso
1029 2734 1128 2798 etiam
1156 2733 1304 2798 Homero

217 2838 386 2902 seriorem.
870 2833 874 2839 ’

261 2951 372 3000 xxiv.
395 2937 500 3003 Porro
524 2939 626 3002 etiem
644 2938 887 3020 quamplurima
908 2937 1083 3021 poetarum
1105 2943 1304 3015 commento,

214 3038 297 3103 nihil
313 3041 382 3104 veri
399 3039 607 3117 continentie,
619 3045 652 3103 et
666 3045 777 3104 temen
792 3040 860 3117 hin,
875 3042 905 3103 si
923 3041 999 3104 Diis
1014 3040 1137 3122 placet,
1153 3055 1305 3124 provere

215 3139 313 3204 nohis
335 3140 515 3219 venditata,
539 3143 771 3207 auctoritntem
790 3142 875 3225 ejus,
896 3149 933 3214 et
953 3141 1100 3205 maxime
1122 3141 1306 3224 antiqnita-

215 3247 282 3304 tem
298 3249 437 3318 tentem,
453 3259 592 3325 prorsus
614 3243 744 3307 elevent
763 3248 797 3309 et
817 3241 998 3309 destruunt.
1041 3241 1127 3307 Tale
1149 3251 1203 3307 est
1225 3242 1306 3307 Pel·

214 3338 350 3420 lodium,
363 3364 430 3427 quo
446 3344 556 3408 abluto
577 3345 716 3408 exitium
737 3344 850 3429 Trojae
873 3341 1083 3410 immineret:
1108 3347 1226 3428 Equos
1240 3337 1304 3427 lig'·

213 3455 305 3520 neus,
328 3444 424 3528 cujus
445 3448 478 3508 in
500 3447 613 3510 urbem
637 3444 816 3510 inducendi
841 3464 945 3510 cnnsn
967 3445 1104 3529 Trojani
1127 3446 1303 3512 confestim

213 3543 400 3626 primodie,
416 3546 514 3626 qnasi
526 3563 680 3626 magnum
695 3546 728 3608 in
743 3563 838 3611 more
852 3547 1036 3628 perieulum
1051 3554 1152 3623 esset,
1173 3551 1304 3629 portem

214 3649 247 3707 et
262 3663 374 3708 muros
397 3647 492 3709 urbis
513 3646 717 3729 dejecerint:
742 3647 832 3711 Muri
855 3649 890 3711 hi
913 3648 991 3730 ipsi,
1013 3647 1187 3730 ‘Neptuni
1203 3656 1304 3733 atque

214 3745 385 3828 Apollinis
399 3746 631 3822 monumentn,'
645 3747 711 3812 hoo
726 3757 788 3823 est,
802 3750 845 3814 eb
859 3748 928 3812 illis
946 3749 1032 3824 Diis,
1047 3755 1084 3812 nt
1105 3749 1302 3830 fingehntur,

211 3845 396 3910 exstructi:
421 3843 565 3920 Hecuba
591 3845 691 3912 Perin
714 3849 855 3925 editura,
870 3851 1040 3913 somnians
1062 3869 1099 3914 se
1114 3869 1238 3933 perere
1251 3850 1303 3913 fn·

213 3963 297 4023 cem,
314 3965 382 4028 qne
396 3944 648 4028 conflagraverit
660 3947 776 4032 Trojn,
791 3953 943 4033 exceptis
966 3951 1095 4014 aedihns
1120 3949 1303 4015 Antenoris

213 4055 246 4111 et
262 4049 390 4125 AEneee,
406 4046 547 4130 ideoque
563 4050 740 4132 expositus
763 4057 843 4115 tuno
859 4051 967 4128 Puris,
987 4051 1091 4133 idque
1112 4059 1232 4134 postes
1254 4072 1304 4118 re·

213 4147 320 4212 terens
336 4151 408 4234 ipse
425 4150 579 4215 Priamus
594 4169 603 4215 t
628 4150 781 4217 Helenus
798 4152 924 4219 Priami
941 4152 978 4216 1².
994 4153 1062 4218 tete
1077 4151 1188 4236 Trojee
1202 4171 1303 4218 enun-
