2959 4875
250 316 295 385 flu
515 334 595 383 stu.
621 334 814 383 ennianum
840 331 1089 384 nissaunnnie

251 475 523 557 diligentissimus
546 474 727 541 Reineslus
749 473 793 539 ad
821 473 1008 557 Rupettum
1031 467 1140 558 Epist.
1153 471 1225 559 67.)
1246 476 1343 560 ‘inji-

249 576 343 639 ciens
359 594 396 637 se
416 576 450 637 in
475 594 585 657 rogum
602 575 757 651 Paridis:
771 572 800 652 i,
816 578 893 638 κατὰ
907 574 954 637 τὸν
977 572 1095 652 Δίκτυν,
1114 574 1230 661 βρόχοις
1248 580 1348 660 ἄπαγ-

246 676 363 761 χθιῖσα,
381 676 445 741 hou
468 684 533 753 est,
557 677 645 753 ‘vel,
659 675 842 739 secundum
865 675 1003 759 Dictyn,
1017 676 1151 759 laqueis
1172 676 1347 755 suffocate,

250 776 305 841 val
320 776 462 861 deniqne
485 775 665 842 seeundum
682 775 947 860 Lycophrunem,
963 775 1005 841 de
1027 779 1109 841 turri
1132 797 1171 841 se
1190 779 1347 862 praecipi-

150 924 154 931 ·
250 874 347 943 tam:
389 878 503 957 Addo,
518 878 620 943 etiam
634 878 749 943 Taetui
764 878 939 960 astipulari
955 876 1117 943 Malelem
1127 898 1205 963 pag.
1221 879 1297 945 141.
1313 888 1351 943 et

250 978 449 1058 Cedreunm,
463 980 522 1063 qui
544 980 674 1063 pariter
690 980 732 1043 de
747 978 892 1055 OEnune,
908 983 994 1063 lauri·
1012 978 1197 1065 ἀπεχρήσατο
1220 982 1348 1067 ἀγχόνῃ,

249 1080 420 1163 ‘seipsam
443 1081 589 1145 extinxit
603 1076 811 1163 suspendio!
856 1077 981 1143 Verum
999 1099 1076 1143 cum
1091 1080 1126 1144 hi
1142 1081 1222 1164 ipsi,
1238 1079 1347 1146 Mule-

249 1178 302 1243 las
317 1200 396 1263 pag.
411 1181 487 1249 156.
501 1186 562 1247 &a
575 1189 609 1247 nt
624 1188 657 1246 et
671 1200 746 1264 pag.
765 1181 838 1244 140.
853 1187 887 1244 et
902 1178 1075 1245 cedrenus
1088 1200 1167 1264 pag.
1179 1183 1254 1247 127.
1269 1182 1349 1248 128.

248 1280 326 1345 129.
342 1282 418 1347 180.
436 1284 566 1349 aceede
583 1282 743 1347 Hectoris
759 1300 867 1365 usque
884 1279 928 1345 ed
942 1300 1058 1345 necem
1073 1280 1235 1361 Achillis,
1246 1284 1351 1348 imma

249 1388 282 1447 al
296 1388 433 1448 mortem
464 1383 609 1461 Paridis,
635 1401 774 1467 prorsus
796 1382 998 1447 conveniunt
1021 1384 1057 1446 in
1079 1382 1220 1448 eandem
1244 1384 1346 1466 plane

249 1501 359 1547 rernm
380 1503 543 1549 summum
558 1504 600 1549 aa
620 1485 727 1568 ipsam
745 1485 874 1562 seriem,
895 1483 1015 1568 (quam
1035 1482 1114 1548 vide
1134 1484 1223 1548 inira
1244 1482 1351 1568 519.)

248 1602 325 1647 cum
348 1591 462 1649 nostro
485 1584 650 1668 Septimio
673 1604 695 1648 a
716 1584 775 1648 lib.
791 1599 849 1647 111.
871 1585 926 1648 15.
946 1604 1053 1667 nsque
1075 1584 1119 1649 ad
1144 1585 1200 1648 lib.
1221 1600 1271 1647 tv.
1291 1584 1350 1648 22.

250 1684 318 1749 nisi
333 1686 423 1767 quud
437 1687 492 1751 hic
508 1687 605 1770 plura
620 1685 723 1767 paulu
746 1683 878 1759 habeat,
895 1684 930 1748 in
943 1684 1009 1766 naa
1024 1691 1135 1749 autem
1150 1704 1217 1748 una
1230 1686 1352 1750 mortis

248 1786 499 1851 circumstantia
522 1785 694 1852 videantur
721 1784 917 1865 dissentire3
939 1786 1017 1849 ideo
1034 1785 1147 1851 nullus
1169 1804 1232 1867 ege
1255 1784 1353 1850 dubi-

247 1890 328 1963 tem,
353 1886 436 1969 quin
459 1888 550 1971 apud
567 1886 722 1953 Graecum
747 1886 875 1969 Dictyu
891 1886 1080 1951 adhibitum
1094 1887 1194 1951 fuerit
1210 1888 1354 1952 verbnm

247 1987 396 2068 ambigui
411 2007 543 2065 sensus,
559 1995 592 2052 et
614 1989 828 2071 potissimum
842 1988 971 2052 celebre
993 1987 1075 2052 illud
1100 1987 1263 2072 ἀπήγξατο,
1278 2009 1351 2071 quo

246 2089 444 2172 simpliciter
469 2090 578 2172 posito
601 2089 872 2173 frequentissime
897 2095 1033 2153 notatur
1059 2089 1287 2171 suspendium,
1311 2098 1355 2155 ut

246 2196 319 2255 erat
341 2189 375 2253 id
401 2211 503 2273 genus
524 2190 723 2255 voluntariae
738 2195 772 2255 et
785 2208 847 2271 per
861 2208 1036 2255 moerorem
1051 2190 1206 2271 quaesita
1228 2192 1350 2257 mertis

247 2291 512 2370 usitatissimum,
522 2292 583 2357 sed
600 2298 712 2357 tamen
726 2292 828 2357 etium
841 2290 914 2355 alia
927 2289 1185 2373 qualiscumque
1200 2310 1290 2355 mors
1305 2311 1354 2357 ex

248 2390 388 2458 tristitia
401 2401 436 2458 et
452 2412 571 2476 angore
584 2394 686 2460 animi
709 2394 815 2459 nimio
835 2396 919 2470 urta,
934 2398 974 2454 ut
998 2390 1127 2474 liquido
1151 2390 1280 2457 ostendi
1304 2394 1353 2457 ad

248 2493 378 2558 AEliaui
393 2494 476 2559 Ver.
492 2495 588 2560 Hist.
605 2513 640 2564 v.
656 2495 686 2560 8.
730 2493 842 2577 Atque
856 2495 905 2558 ita
925 2493 1068 2558 Taetues
1090 2492 1125 2557 id
1148 2493 1286 2557 verbum
1306 2495 1353 2557 de

245 2596 443 2678 suspendio,
474 2617 543 2679 quo
572 2599 672 2662 modo
690 2594 845 2679 'periisse
882 2593 1042 2659 OEnnnen
1075 2594 1214 2658 tradunt
1243 2595 1353 2659 etiam

246 2695 485 2780 Apollodorus
505 2707 541 2763 et
556 2699 684 2776 Conon,
705 2701 954 2781 interpretatus,
969 2695 1142 2762 addidisse
1159 2695 1290 2762 videtur
1305 2697 1354 2762 de

244 2815 321 2874 suo,
343 2797 472 2883 βρόχοις,
495 2801 587 2884 quod
616 2801 726 2882 ipsum
750 2797 829 2862 addi
858 2796 994 2861 minime
1015 2803 1107 2860 esset
1132 2814 1232 2878 opus,
1255 2799 1286 2860 si
1314 2799 1352 2861 τὸ

243 2896 447 2981 'arimundus
461 2901 703 2983 personalium
720 2898 814 2962 eliud
829 2916 933 2979 genus
948 2896 1064 2960 mortis
1080 2915 1182 2980 quam
1198 2903 1354 2979 strangu·

7 3001 13 3014 '
100 3053 112 3076 ‚
243 2997 412 3076 lationem,
436 3019 511 3082 quaa
533 3000 656 3084 laqueo
680 2999 729 3076 fit,
756 3004 909 3065 notasset
932 2996 1023 3082 apud
1045 2996 1212 3062 Graecos:
1235 3000 1355 3080 Septi-

243 3098 333 3164 mius
347 3117 426 3164 veru
449 3101 495 3164 ita
517 3101 694 3183 accepisse
718 3100 812 3177 illud,
827 3101 928 3183 quasi
951 3118 1026 3164 eam
1042 3099 1282 3181 strangulasset
1296 3100 1355 3164 iu-

243 3199 359 3264 clusus
389 3198 497 3279 delur,
523 3209 559 3265 et
583 3201 763 3265 immodica
791 3199 993 3265 suffocasset
1022 3199 1126 3264 animi
1158 3201 1355 3280 aegritudo:

242 3299 341 3381 plane
362 3307 401 3365 ut
415 3301 472 3366 elii
487 3321 622 3384 qunque
640 3309 796 3367 auctores
822 3303 951 3386 saepins
972 3300 1055 3364 illud
1072 3298 1274 3384 Ἀπᾶγχισθαι
1288 3321 1357 3385 per

241 3401 394 3480 generale
419 3403 556 3466 verbum
580 3403 739 3467 moriendi
766 3403 993 3479 reddiderunt,
1014 3401 1107 3486 quod
1132 3403 1248 3468 itidem
1269 3402 1302 3466 d·
1330 3407 1354 3470 l.

242 3500 420 3581 probatum
437 3501 526 3565 dedi.

220 3599 222 3604 ’
286 3614 367 3664 xlv.
389 3601 446 3665 Ita
467 3603 551 3666 satis
572 3602 645 3685 jam
661 3610 788 3668 certum
803 3612 838 3668 et
852 3605 979 3669 clarum
995 3622 1072 3668 esse
1086 3609 1179 3687 puto,
1194 3604 1345 3672 Graecos

240 3700 425 3784 scriptores
451 3721 516 3765 non
543 3703 646 3766 alium
669 3703 829 3767 imbuisse
850 3710 885 3768 et
904 3703 1064 3768 laudasse
1087 3703 1224 3786 Dictyn,
1240 3725 1349 3788 quam

208 3797 209 3800 ’
239 3802 330 3866 hunc
358 3801 482 3883 ipsum,
508 3821 609 3884 quem
637 3804 819 3886 Septimius
841 3803 964 3868 Latino
989 3803 1161 3886 expressit
1181 3824 1358 3872 sermone.

241 3901 325 3966 Inde
338 3920 418 3967 veru
432 3902 593 3984 sequitur,
609 3921 723 3966 verum
746 3923 825 3985 ergo
839 3923 914 3968 esse
928 3902 1141 3980 hauddubie,
1156 3905 1246 3986 quod
1257 3905 1355 3990 Sep-

240 4003 357 4068 timius
380 4002 454 4085 ipse
477 4003 562 4066 ultro
594 4002 774 4086 profitetur,
796 4021 833 4068 se
862 4002 1039 4071 ‘libellos'
1060 4003 1165 4067 hosce
1191 4003 1355 4073 ‘Graeca

239 4102 409 4170 oratiune'
433 4103 590 4185 scriptos,
615 4104 690 4168 ‘uti
714 4109 818 4180 arant,
842 4103 958 4169 Latine
980 4103 1205 4169 disseruisse?
1250 4107 1285 4172 N
1289 4127 1360 4175 am
