2959 4875
365 338 417 385 nr
440 336 619 387 nrsroarn
643 337 757 387 nnnnr
779 336 956 387 raosaur.
1157 326 1202 391 65

108 486 208 571 prelii
236 485 334 568 adigi
365 488 519 551 homines
547 486 592 550 ad
621 484 863 569 aggrediendos
888 486 1016 565 hostes,
1030 494 1065 552 et
1089 495 1199 554 tamen

110 588 257 653 Paridem
287 590 326 651 in
357 588 419 652 illo
448 589 622 652 certamine
652 587 743 651 haud
771 587 872 651 dabie
892 589 1068 653 vitaturum
1092 588 1199 654 foisse

108 686 278 764 Achillem,
308 678 375 751 neo
396 705 551 753 ausurum
577 706 650 751 enm
686 685 835 771 aggredi,
856 687 948 770 quod
969 708 1030 771 per
1057 689 1198 755 insidias

110 795 198 853 extra
210 788 456 853 necessitatem
468 782 655 851 certaminis
667 785 810 853 feliciter
821 786 949 851 feeerit.
992 787 1117 870 Frigidi
1138 790 1201 853 ali·

109 888 229 971 quidet
243 888 357 971 inepti
370 888 484 953 forsan
499 886 583 951 inest
595 886 631 949 in
644 884 708 951 hoo
724 904 836 961 swan,
849 885 910 951 sed
920 887 957 950 id
966 887 999 951 in
1014 890 1199 953 totaetiam

108 992 156 1051 eat
171 989 366 1053 laudatione
391 986 537 1063 Paridis,
558 1004 657 1070 quam
680 1005 722 1049 eo
747 986 885 1051 nomine
903 986 1025 1053 fecisse
1046 988 1200 1053 dicuntur

108 1086 236 1172 'l'roJani
252 1096 288 1153 et
302 1090 413 1153 multo
428 1088 534 1169 magis
548 1087 653 1169 friget,
668 1106 731 1153 neo
746 1086 899 1151 latinum
923 1089 1005 1153 satis
1029 1093 1092 1165 est,
1108 1088 1200 1171 qnod

109 1189 237 1254 volebat
258 1190 481 1271 Vindingins,
503 1192 680 1273 ‘quantum
700 1207 744 1253 ne
765 1189 799 1252 in
821 1193 945 1251 certam
967 1187 1104 1253 auderet
1125 1190 1199 1272 qni·

110 1286 199 1351 dam!
245 1303 299 1351 ιν.
323 1290 379 1353 15.
401 1287 580 1352 ‘Ceterum
603 1287 669 1351 sibi
691 1306 734 1351 eo
762 1287 920 1351 leviorem
943 1288 1090 1351 dolorem
1112 1292 1198 1367 ease,

109 1385 190 1467 quod
204 1405 276 1454 non
291 1388 327 1453 in
343 1386 535 1463 certamine,
557 1404 664 1467 oeque
679 1386 713 1449 in
728 1386 807 1451 lnoe
820 1386 914 1471 helii,
929 1385 1082 1455 Achilles
1097 1390 1199 1455 loter-

108 1488 207 1553 fectus
221 1497 332 1565 esset,
346 1507 416 1573 quo
436 1487 606 1552 fortiorem
621 1506 664 1553 ne
685 1496 825 1570 optasse
847 1486 983 1571 qnidam
998 1508 1199 1573 quemqnam

109 1589 248 1653 existere
273 1605 379 1665 nnnc,
395 1588 451 1654 vel
471 1588 505 1652 ln
526 1587 742 1671 praeteritum,
764 1597 911 1672 excepto
940 1606 1009 1653 uno
1029 1588 1089 1653 illo
1113 1590 1200 1655 Her·

109 1686 197 1753 cule'
240 1688 429 1771 Vindingio
449 1687 718 1753 substituendum
739 1687 873 1753 videtur
893 1688 1123 1771 ‘graviorem'
1139 1688 1200 1753 sed

109 1808 294 1872 perperam.
342 1788 432 1853 Nem
462 1788 626 1853 sententia
651 1788 729 1865 looi,
756 1788 873 1873 inepte
898 1787 1012 1851 forsan
1037 1788 1199 1869 gloriosa,

108 1891 177 1955 haee
197 1901 263 1969 est,
279 1891 441 1955 leviorem
463 1890 529 1952 sibi
551 1906 626 1953 esse
641 1886 789 1952 dolorem
810 1890 902 1953 neeis
923 1892 1085 1971 petemus,
1107 1889 1199 1972 qnod

108 2010 171 2053 non
199 2000 324 2073 aperto
353 1988 463 2053 Marte
492 1988 535 2053 eb
563 1987 755 2055 aduersario
780 1987 940 2059 ualidiore
964 1989 1011 2051 sit
1031 1990 1140 2053 victua
1163 1996 1200 2055 et

110 2091 258 2155 occisus:
284 2090 344 2155 Ita
357 2090 446 2153 enim
456 2089 618 2153 mansisse
632 2107 708 2155 eum
723 2089 884 2155 inuictum
898 2089 942 2152 ah
957 2090 1128 2155 omnihus:
1144 2089 1200 2156 Ita

109 2196 273 2268 constare,
284 2210 354 2254 non
368 2190 525 2255 extitisse
535 2206 726 2272 quenquam
739 2189 908 2253 fortiorem
922 2190 1010 2273 ipso,
1020 2190 1087 2255 nisi
1098 2210 1200 2256 onum

110 2292 300 2368 Herculem,
316 2293 419 2355 immo
433 2291 594 2367 neminem
608 2309 725 2359 ausum
747 2291 852 2355 fnisse
877 2308 955 2353 oum
975 2308 1016 2354 eo
1038 2291 1073 2353 in
1095 2299 1197 2357 certa,

108 2412 177 2458 men
191 2391 364 2478 congredi.
408 2389 494 2469 Quae
511 2391 623 2456 omnia
638 2407 737 2461 secus
753 2410 791 2456 se
805 2390 1014 2472 habuissent,
1027 2390 1059 2456 si
1080 2393 1115 2456 in
1130 2411 1200 2458 eor·

111 2495 229 2560 temine
255 2501 292 2559 et
314 2494 388 2557 lnce
409 2492 487 2556 belli
509 2492 701 2558 interfectus
727 2491 858 2571 fuisset,
871 2511 949 2557 nam
970 2493 1021 2569 ita
1049 2492 1201 2560 validiori

111 2579 342 2660 succubuisset
356 2592 558 2659 aduersario.
848 2582 851 2587 ’

149 2697 249 2761 v.ll.
273 2691 413 2774 ‘Quem
434 2692 541 2757 offerri
556 2691 678 2756 donum
700 2691 872 2770 Minerua,
886 2695 1033 2756 maxime
1053 2695 1199 2760 omnium

112 2815 163 2862 ore
188 2793 406 2885 agitabatur.¹
449 2793 547 2874 Legit
567 2792 796 2870 ‘maximum'
817 2794 920 2889 ⁰i.¹¹⁸
940 2792 1116 2858 ediderunt
1130 2796 1198 2860 alii.

112 2897 172 2962 Sed
185 2897 270 2963 nihil
286 2914 328 2960 eo
342 2913 440 2978 opus,
453 2884 553 2958 niodo
566 2893 764 2976 distinguas,
779 2900 819 2957 ut
829 2886 912 2970 leci,
926 2892 1064 2986 quando
1080 2912 1199 2958 sensus

113 2997 385 3086 estperspienua.
762 3081 766 3086 .

151 3117 198 3166 vr.
213 3102 245 3166 1.
268 3099 485 3184 ‘Postquam
506 3099 685 3181 impositis,
697 3109 772 3181 qaae
794 3097 913 3179 singuli
932 3097 1020 3161 hello
1035 3098 1200 3180 querelae·

114 3209 187 3280 rant,
198 3201 381 3268 ascendere
394 3197 497 3282 ipsi!
531 3197 624 3276 Quid
644 3192 753 3280 magis
771 3198 919 3282 planum,
934 3197 1043 3261 minus
1058 3197 1201 3282 impedi·

115 3311 175 3368 tum
189 3305 263 3368 dari
275 3301 412 3386 potesti
427 3297 537 3383 ‘ipsi'
552 3298 702 3363 homines
716 3304 927 3383 opponuntur
937 3298 1037 3362 rebus
1047 3300 1081 3362 in
1093 3317 1199 3364 naves

116 3403 314 3488 ‘impositie’
359 3401 406 3466 Et
427 3407 533 3465 tamen
548 3399 638 3485 quod
652 3400 792 3479 mireris,
807 3400 978 3466 delendum
1002 3399 1090 3483 ‘ipsi
1101 3398 1199 3483 ’'pro-

115 3507 241 3576 nuntiat.

170 4233 252 4301 Delph.
265 4241 289 4287 et
307 4234 371 4285 Vor.
383 4233 448 4282 Cloe.
580 4231 650 4281 Dici.
664 4230 729 4280 Cret.
