2959 4875
451 371 498 418 bu
523 371 641 418 uncto
665 371 838 422 ’filomio
862 372 934 423 121³.
957 373 1013 422 lli.
1046 328 1056 344 ⁶

185 508 271 588 Quae
286 511 393 576 saltus
406 511 553 594 ingressa
566 532 688 592 novos,
701 533 853 598 praesepe
868 516 1037 598 paternum

182 608 320 676 Incesta
333 613 473 696 liquisse
488 613 567 696 luga
582 621 780 699 taammqne
790 616 939 702 jugalem

184 710 329 792 Diceris,
343 721 377 778 et
390 719 526 778 nostros
539 716 627 797 petis
637 716 829 800 importuna
841 719 1001 799 penates?

182 811 247 889 lte,
263 814 336 892 viri,
352 815 447 878 Deus
464 817 510 880 ire
520 815 629 899 jubet,
642 824 813 902 pontoque
827 818 881 884 vel
894 819 970 900 igne
1028 817 1032 827 ’

182 911 356 978 Maternae
370 915 504 981 abolete
518 917 623 996 laces,
638 938 681 982 ne
692 918 779 983 dura
792 927 958 1004 sequatur,

183 1012 292 1092 Quam
308 1017 425 1095 cecini,
441 1018 564 1083 clades.
606 1019 665 1084 Sic
680 1021 800 1103 paucis
813 1024 931 1104 questa
945 1021 1105 1104 quiescit:

182 1114 439 1202 Expedinntque
454 1119 563 1184 Deum
578 1121 725 1204 suspiria
736 1122 839 1206 longa
851 1122 1013 1186 relictum.

222 1216 258 1280 H
260 1219 290 1282 is
303 1219 423 1284 hilares
437 1219 564 1286 boerent
577 1223 688 1299 animi,
702 1229 860 1308 totusque
872 1223 1042 1289 faventum
1064 1255 1069 1266 ι

181 1317 322 1401 Sopitur
340 1321 518 1403 strepitus:
540 1323 704 1388 lavissent
719 1326 851 1407 agmina
865 1325 953 1390 vatis

181 1417 335 1503 Imperio,
351 1428 460 1488 motas
472 1426 655 1490 reverentia
671 1426 832 1508 principis
842 1427 912 1491 iras

181 1519 314 1600 Obruit,
322 1523 534 1610 indignisque
549 1524 643 1590 datur
659 1525 853 1591 Cassandra
866 1526 1009 1591 catenis.

179 1619 258 1686 Rex
273 1622 436 1689 Helenam
450 1627 543 1704 lenit,
557 1626 761 1711 inopinaque
777 1628 898 1709 probra
915 1626 1076 1708 gementis

180 1721 316 1789 Solatur
330 1726 483 1792 blandis:
507 1729 652 1810 suspiria
669 1728 768 1807 vatis,
783 1728 922 1792 anhelas

180 1825 333 1891 Excusat
345 1827 458 1905 turias,
480 1831 668 1912 celeresque
684 1829 728 1893 ad
744 1830 858 1912 jurgia
870 1847 985 1906 uoces,

180 1927 224 1991 Et
236 1927 320 1992 vitio
336 1930 459 2013 capitis
473 1931 592 1996 solitos
607 1931 727 1994 saevire
743 1929 913 1994 tumuitus.

222 2029 297 2094 Nec
312 2049 418 2108 mora,
432 2031 568 2096 lascivit
578 2032 708 2096 solenni
719 2033 810 2114 regia
824 2030 917 2096 cnltu
1010 2029 1012 2035 ’

180 2128 334 2213 Imperiis
348 2139 464 2199 oruata
479 2133 586 2210 ducis,
602 2133 778 2216 taedasque
792 2132 967 2215 pudendas

178 2229 285 2295 Tollit
299 2232 430 2297 adulter
445 2233 590 2317 Hymen.
621 2233 746 2298 Melius
761 2235 870 2316 caligo
884 2231 1053 2315 protunda

179 2331 345 2398 Pollntum
362 2335 530 2398 mersisset
545 2353 653 2418 opus:
674 2335 757 2420 qnid
770 2336 903 2399 nomine
917 2351 1015 2398 sacro

178 2432 340 2500 Incestum
352 2435 520 2520 phalerare
527 2435 654 2521 juvat'l
676 2435 856 2523 praetendit
869 2442 989 2520 operta
1002 2504 1005 2511 ,

634 2568 811 2593 ΜΙΗΟΟΙΙΙΙ

209 2646 256 2692 307
273 2642 382 2693 madar
391 2642 441 2693 Ed.
452 2643 520 2693 lior.
531 2646 560 2692 et
569 2640 700 2705 Spondan.

615 2750 629 2774 ⁶
669 2752 777 2805 NOTAE

209 2840 258 2886 000
274 2837 308 2884 st
327 2836 387 2885 oilie
408 2834 495 2901 capitia
514 2836 595 2885 mittor
616 2835 699 2885 sarire
740 2843 823 2885 tarnat
841 2834 947 2901 insignia
964 2832 1135 2899 pbalerir‚'rr.
1167 2833 1265 2884 Noster

176 2911 301 2974 tumultu]
316 2910 466 2973 Elprprrpbr
483 2912 528 2969 raia
541 2910 602 2974 leptis
619 2909 698 2969 νόσον,
738 2912 887 2963 Terentiam
907 2912 1033 2977 aequiter,
1055 2909 1099 2975 qui
1112 2907 1265 2973 ‘phalerata

176 2988 310 3039 comitialia
328 2987 425 3038 morbi:
443 2987 475 3036 de
497 3001 547 3052 qno
568 2988 648 3037 attrita
665 2988 698 3037 ad
738 2986 827 3046 dicta‚'
844 2986 932 3037 focata
948 2993 977 3037 et
997 2985 1087 3035 trama
1102 2991 1186 3034 vocat.
1202 2982 1264 3033 ‘la-

176 3062 313 3127 Apnleiam
324 3064 412 3127 Scipio
423 3062 545 3113 (lentitia.
739 3064 854 3114 certum'
866 3064 945 3127 igitur
955 3064 963 3091 ‘
972 3061 1216 3127 pbalerarcnonrlnc
1225 3073 1266 3108 aa·

208 3142 255 3188 000
284 3139 350 3195 Quid
374 3139 467 3189 aoniae
489 3152 556 3187 sacro
582 3138 700 3191 Incertam
739 3140 801 3203 cro,'
816 3148 857 3191 ert
875 3140 987 3203 conjugii
1003 3139 1080 3189 titulo
1097 3136 1219 3200 palliare:
1236 3143 1265 3185 nt

172 3214 381 3279 ptairrarejerat]
396 3230 433 3265 rr.
443 3220 498 3265 1⁰1.
509 3218 516 3245 ⁴
529 3216 699 3269 mixtavirnur
742 3216 811 3265 Dido
827 3215 897 3280 apud
914 3214 1005 3277 virgil.
1029 3212 1201 3275 ‘Coajuqinru
1222 3225 1264 3260 vo·

176 3293 327 3357 pbaieraut!
342 3292 513 3343 Glossarium:
526 3292 650 3349 ‘Falern
663 3292 700 3341 lr·
739 3299 794 3353 cat,
814 3291 861 3341 boc
884 3290 988 3340 celabat
1013 3287 1116 3337 nomine
1136 3284 1265 3349 culpamr'

175 3369 308 3432 πάρεξ
318 3369 450 3419 inventum
462 3368 595 3433 Tarquinii
607 3368 699 3430 Prlact,
740 3365 808 3428 quod
820 3372 862 3416 art
878 3367 947 3426 ηλφ*
955 3362 1034 3423 malr
1048 3359 1172 3425 eadm,
1183 3369 1212 3410 at
1228 3360 1265 3409 ait

176 3452 205 3495 ut
221 3446 311 3496 Florus
325 3460 345 3495 ι.
357 3452 382 3495 0.
400 3454 496 3494 monet.
530 3443 570 3493 lie
588 3444 698 3508 phalaris
740 3440 863 3491 Naziana.
873 3455 898 3504 p.
908 3444 965 3490 420.

175 3522 276 3585 prolixa
300 3520 433 3572 Manutius
454 3522 479 3569 ln
507 3520 630 3572 Quarto·
652 3534 699 3583 par
770 3518 820 3567 ⁸9⁴
837 3516 969 3566 Protradr't
978 3514 1264 3580 opertaflmteotoeea·
1297 3536 1300 3541 ·

175 3597 261 3661 Epist.
284 3612 308 3647 e.
325 3600 365 3646 10.
381 3596 522 3647 Marcellus
539 3596 656 3645 Donatus
672 3595 697 3645 in
736 3590 797 3654 rire]
813 3591 872 3642 Hoc
883 3590 1013 3656 est,quod
1026 3590 1183 3640 Dracontius
1194 3588 1265 3639 dica·

175 3673 249 3723 Soet.
261 3686 285 3721 c.
301 3675 343 3721 8⁰.
377 3671 479 3734 Lipsius
490 3671 523 3721 de
537 3684 565 3721 re
582 3672 698 3733 militari,
738 3666 811 3731 bat,‘
822 3667 922 3719 Queat
934 3680 1009 3732 opanr
1020 3666 1121 3728 sceleri,
1132 3677 1264 3728 perquam

174 3749 244 3799 Diri.
252 3752 276 3797 6.
285 3747 369 3795 Varro
376 3746 553 3797 Hecatnmber
571 3748 579 3775 ‘
592 3746 644 3799 Ubi
653 3748 697 3797 illa
737 3743 843 3795 fallatur
854 3743 992 3806 bonertar,'
1003 3744 1071 3793 Han
1082 3747 1139 3792 045.
1148 3742 1265 3790 Scortum

174 3822 629 3889 phaleratagemmeaqueepbippia.'
647 3824 695 3875 l’e·
738 3836 754 3871 a
770 3822 862 3871 statuis
881 3818 1083 3869 terminantibus
1101 3823 1129 3866 et
1148 3814 1266 3875 cariosis,

175 3908 240 3951 trou.
268 3897 411 3947 ‘mulieres
438 3897 549 3960 piralerir
575 3900 697 3949 ornatae'
738 3888 1262 3959 qoibuabracteassuperinducebant.ln·

174 3979 226 4029 ait:
243 3975 311 4041 quod
323 3975 355 4024 dc
367 3973 511 4037 margaritis
522 3987 537 4022 e
549 3974 641 4038 pelago
651 3975 697 4026 Jo-
739 3970 821 4019 renel.
833 3970 888 4018 Sat.
899 3982 962 4018 xrrr.
973 3969 981 3995 ‘
991 3968 1146 4018 bracteolaur
1157 3964 1190 4013 de
1201 3966 1264 4015 cr·-

174 4056 231 4105 niua
249 4052 370 4116 explicat.
396 4048 569 4112 Aristaeum
587 4049 697 4099 debaro.
738 4052 795 4096 tare
811 4042 925 4093 ducunt!
949 4042 1018 4092 Hinc
1033 4044 1041 4069 ‘
1054 4042 1189 4091 bracteata
1206 4039 1264 4091 leli·

174 4131 213 4181 ’rb
227 4128 288 4193 epol
301 4124 477 4192 χαλκοφάλαρα
493 4127 588 4186 δόματα
602 4128 697 4187 arvern
738 4117 898 4181 citaa'apnd
908 4117 970 4167 San.
982 4118 1032 4181 Ep.
1043 4121 1099 4165 001.
1131 4115 1262 4171 Ausonio·

175 4206 301 4259 Prodest.
312 4213 404 4257 contra
419 4201 608 4268 Symmachum,
623 4201 699 4252 ‘Vin
740 4194 816 4249 rero‘
828 4192 990 4246 bracteatum
1006 4188 1122 4248 dictum·
1133 4191 1159 4241 in
1177 4190 1262 4242 Pane·
