2959 4875
253 340 297 405 70
687 346 774 399 con.
796 349 911 398 suros

253 502 369 567 Senec.
383 498 555 582 Agamem.
569 497 646 565 627.
659 496 757 582 Virg.
774 515 801 565 ι.
815 500 893 565 Abu.
906 500 961 567 45.
984 500 1086 567 ovid.
1108 500 1145 564 in
1167 494 1254 576 Ibin,
1266 492 1344 565 83⁰·

254 600 377 666 Horat.
394 616 434 665 x.
458 598 567 682 Epod.
583 600 634 663 14.
662 594 760 664 Unde
774 600 891 678 Silius,
908 616 989 667 xrv.
1005 599 1123 667 Punic.
1136 598 1214 665 480.

340 695 620 779 QuelisOilides,
634 700 758 765 fulmen
767 701 938 784 incolente
953 702 1105 767 Minerva

339 800 516 881 Surgentes
531 798 661 863 domuit
674 799 799 864 fluctus
813 802 1002 867 ardentibus
1016 802 1114 867 ulnis.

254 902 352 968 Licet
364 899 575 981 naufragium
589 906 739 965 enatasse
755 920 831 966 eum
845 900 936 967 dicet
947 902 1099 967 limosus
1113 900 1255 978 locrus
1271 914 1312 963 ιι.

296 1001 400 1068 Hunc
414 1018 494 1065 vero
515 1018 560 1064 ex
576 999 730 1066 omnibus
744 1001 938 1068 Graecorum
948 1002 1114 1080 ducibus,
1129 1001 1188 1085 qni
1208 999 1345 1083 'l'rojern

255 1120 501 1188 oppugnavere,
529 1101 622 1185 opud
649 1102 776 1169 interos
803 1103 948 1197 torqueri
972 1108 1006 1167 et
1033 1102 1220 1168 excruciari
1243 1100 1346 1167 docet

254 1204 393 1270 laucien.
409 1203 504 1268 Hist.
519 1202 632 1281 Veros,
648 1218 689 1270 ιι.

296 1300 450 1388 Denique
465 1302 585 1387 Ajacis
610 1304 712 1388 hujus
732 1304 838 1368 nostri
853 1304 965 1387 imago
989 1313 1045 1369 est
1067 1322 1112 1368 ex
1128 1304 1346 1371 locrensium

253 1404 476 1482 Numismete‚
495 1403 587 1487 qood
609 1404 786 1469 exhibetur
806 1405 851 1469 ub
875 1404 969 1469 Hub.
989 1404 1138 1483 Goltzio,
1159 1405 1269 1471 Grrec.
1289 1404 1346 1469 le.

253 1505 360 1588 qualis
382 1514 417 1571 et
437 1510 487 1569 cst
514 1502 748 1588 Opuntiorum,
763 1505 858 1589 upud
878 1506 1049 1594 Begerum,
1061 1506 1222 1571 Thesuur.
1237 1508 1345 1573 lirun·

253 1606 329 1671 deb.
348 1622 371 1669 ι.
385 1606 460 1669 477.
476 1609 510 1669 et
523 1606 727 1673 nomiuotnru
741 1606 926 1685 Goltziuro,
941 1606 1030 1672 Tnb.
1044 1607 1159 1672 citete.

575 1829 641 1895 VI.
686 1828 1033 1896 Pultocums.

641 1959 720 2027 Lus.
737 1979 778 2027 ιι.
802 1962 891 2028 cur.
906 1964 960 2027 14.

251 2098 262 2129 ‘
278 2096 464 2162 Philoctete
479 2116 552 2161 cum
568 2097 697 2181 paucis,
711 2096 760 2161 uti
774 2103 955 2172 curaretur,
970 2097 1006 2160 in
1020 2094 1166 2161 insulem
1182 2094 1345 2161 Lemnum

729 2196 889 2262 mittitur!

301 2310 578 2389 Percocuu‘rus,
603 2313 755 2378 Pmantis
769 2314 869 2392 filius,
883 2314 970 2378 inter
984 2310 1197 2395 Argonautas
1213 2331 1345 2396 quoqne

252 2411 387 2476 minime
404 2412 573 2493 ignobilis.
595 2412 674 2478 Vel.
690 2413 806 2478 Flecc.
820 2411 999 2497 Argonaut.
1016 2430 1039 2477 ι.
1054 2414 1130 2479 891.

296 2513 348 2589 Ei,
364 2514 481 2578 comiti
493 2533 568 2590 suo,
581 2513 614 2577 in
631 2513 716 2578 OEto
729 2519 842 2579 monte
856 2513 1116 2579 concremandus
1127 2532 1238 2577 arcum
1244 2519 1278 2577 et
1292 2532 1347 2601 su·

252 2609 352 2697 gittos
380 2613 518 2679 dederet
544 2613 730 2693 Hercules;
753 2613 826 2676 sine
850 2615 971 2697 quibus
998 2613 1137 2698 Trojom
1155 2632 1222 2678 non
1242 2632 1346 2696 posse

252 2715 330 2798 copi
354 2713 493 2779 oruculu
520 2714 764 2797 responderent
815 2712 864 2778 At
889 2709 1124 2778 venenatorum
1152 2713 1346 2796 sagittarum

252 2831 320 2879 uuo
333 2813 440 2895 ipsius
454 2813 574 2897 pedem
594 2813 681 2896 sorte
697 2810 855 2877 decidens
870 2813 1047 2890 sauciavit,
1061 2811 1256 2896 Graecique,
1269 2831 1346 2877 cum

253 2931 313 2995 per
327 2912 474 2977 dolorem
497 2914 642 2978 vulneris
655 2913 812 2997 navigare
824 2932 890 2978 non
905 2923 1034 2998 posset,
1049 2933 1125 2978 eom
1144 2914 1179 2978 in
1202 2913 1346 2978 insulem

252 3012 401 3077 lemnon
416 3021 650 3096 exposuerunt.

295 3111 500 3179 Philoctetes
526 3114 642 3199 itnque
671 3117 820 3195 relictus,
846 3116 991 3200 aucupio
1019 3116 1213 3198 sagittarum
1239 3113 1346 3180 vitem

253 3211 433 3279 miserrimo
448 3233 641 3298 propagare,
663 3236 910 3301 pennarumque
932 3221 1091 3282 contextu
1115 3233 1237 3298 corpus
1252 3216 1347 3279 obte-

252 3331 328 3396 gere
352 3320 386 3379 et
413 3314 521 3379 velere
551 3324 687 3382 coactus
714 3318 790 3383 init.
833 3316 1029 3401 Sophocles,
1049 3315 1084 3380 in
1110 3315 1289 3380 Philoctct.
1311 3321 1348 3380 et

251 3401 406 3486 (emissis
417 3415 566 3494 Pindari,
581 3417 763 3497 Theocriti,
779 3418 977 3483 Philostrati
997 3416 1176 3502 plurimum
1191 3416 1346 3480 varianti·

252 3513 315 3577 bus
338 3517 597 3598 narrationibus)
619 3517 776 3600 Ovidius,
795 3517 930 3605 (videus
951 3526 986 3583 et
1005 3511 1094 3583 xnr'.
1118 3516 1258 3583 Motum.
1272 3513 1347 3600 45.)
1420 3537 1424 3542 ’

254 3627 290 3675 ν.
303 3611 407 3677 Trist.
421 3615 452 3678 1.
474 3615 558 3698 eleg.
567 3619 600 3681 b.

381 3713 460 3777 Hoc
476 3717 597 3780 eratin
612 3715 721 3801 gelido
735 3739 841 3804 querc
853 3720 1026 3787 Pseuntius
1042 3727 1138 3784 ontro

423 3812 519 3880 Voce
535 3815 690 3900 fatigaret
704 3821 842 3885 lemnio
857 3839 943 3885 sexo
958 3839 1031 3886 sun.

293 3911 501 3986 Philoctetes
513 3925 626 3984 eutem
641 3927 768 3998 noster,
783 3918 905 3986 sedens
919 3929 967 3997 et,
981 3920 1030 3985 uti
1042 3919 1181 3997 videtur,
1195 3936 1345 4005 conque·

250 4031 336 4092 rens,
351 4014 482 4094 Liceto,
498 4018 599 4084 immo
613 4022 715 4087 etiam
730 4021 915 4100 Gronovio,
930 4021 1181 4103 Dactyliothec.
1205 4037 1247 4086 ιι.
1268 4023 1346 4090 ὁθθ.

251 4109 349 4182 Gem.
363 4122 415 4182 est
428 4119 524 4186 miles
538 4119 728 4204 sagittarius
754 4123 861 4192 atroci
874 4123 968 4189 bello
990 4126 1171 4206 superstes,
1182 4123 1292 4190 nudus
1305 4133 1343 4190 et
