<?xml version="1.0" encoding="UTF-8"?>
<!DOCTYPE html PUBLIC "-//W3C//DTD XHTML 1.0 Transitional//EN"
    "http://www.w3.org/TR/xhtml1/DTD/xhtml1-transitional.dtd">
<html xmlns="http://www.w3.org/1999/xhtml" xml:lang="en" lang="en">
 <head>
  <title>
</title>
<meta http-equiv="Content-Type" content="text/html;charset=utf-8" />
  <meta name='ocr-system' content='tesseract 3.04.00' />
  <meta name='ocr-capabilities' content='ocr_page ocr_carea ocr_par ocr_line ocrx_word'/>
</head>
<body>
  <div class='ocr_page' id='page_1' title='image "./dictyscretensis00josegoog/dictyscretensis00josegoog_0184.png"; bbox 0 0 2959 4875; ppageno 0'>
   <div class='ocr_carea' id='block_1_1' title="bbox 212 358 952 424">
    <p class='ocr_par' dir='ltr' id='par_1_1' title="bbox 212 358 952 424">
     <span class='ocr_line' id='line_1_1' title="bbox 212 358 952 424; baseline -0.007 0"><span class='ocrx_word' id='word_1_1' title='bbox 212 358 276 424; x_wconf 81' lang='lat'><strong>170</strong></span> <span class='ocrx_word' id='word_1_2' title='bbox 562 370 727 421; x_wconf 82' lang='lat' dir='ltr'><strong>urcrros</strong></span> <span class='ocrx_word' id='word_1_3' title='bbox 747 370 952 421; x_wconf 78' lang='lat' dir='ltr'><strong>ennrsusm</strong></span> 
     </span>
    </p>
   </div>
   <div class='ocr_carea' id='block_1_2' title="bbox 208 510 1301 2410">
    <p class='ocr_par' dir='ltr' id='par_1_2' title="bbox 208 510 1301 2410">
     <span class='ocr_line' id='line_1_2' title="bbox 212 510 1299 599; baseline -0.003 -19"><span class='ocrx_word' id='word_1_4' title='bbox 212 520 419 599; x_wconf 69' lang='lat' dir='ltr'><strong>mutuoque</strong></span> <span class='ocrx_word' id='word_1_5' title='bbox 434 522 557 579; x_wconf 81' lang='lat' dir='ltr'><strong>conatu</strong></span> <span class='ocrx_word' id='word_1_6' title='bbox 571 516 751 597; x_wconf 80' lang='lat' dir='ltr'>procedere</span> <span class='ocrx_word' id='word_1_7' title='bbox 774 520 907 598; x_wconf 79' lang='lat' dir='ltr'><strong>queurn,</strong></span> <span class='ocrx_word' id='word_1_8' title='bbox 928 514 1088 577; x_wconf 84' lang='lat' dir='ltr'><strong>intentato</strong></span> <span class='ocrx_word' id='word_1_9' title='bbox 1103 510 1234 594; x_wconf 89' lang='lat' dir='ltr'><strong>negotio</strong></span> <span class='ocrx_word' id='word_1_10' title='bbox 1256 510 1299 577; x_wconf 84' lang='lat' dir='ltr'><strong>ad</strong></span> 
     </span>
     <span class='ocr_line' id='line_1_3' title="bbox 212 602 1301 698; baseline -0.001 -18"><span class='ocrx_word' id='word_1_11' title='bbox 212 619 353 681; x_wconf 82' lang='lat' dir='ltr'><strong>tentoria</strong></span> <span class='ocrx_word' id='word_1_12' title='bbox 377 616 562 698; x_wconf 79' lang='lat' dir='ltr'><strong>regreditur.</strong></span> <span class='ocrx_word' id='word_1_13' title='bbox 617 616 671 678; x_wconf 86' lang='lat' dir='ltr'><strong>Ac</strong></span> <span class='ocrx_word' id='word_1_14' title='bbox 689 602 771 680; x_wconf 78' lang='lat' dir='ltr'><strong>mort</strong></span> <span class='ocrx_word' id='word_1_15' title='bbox 793 614 897 679; x_wconf 87' lang='lat' dir='ltr'><strong>doces</strong></span> <span class='ocrx_word' id='word_1_16' title='bbox 918 614 1022 678; x_wconf 79' lang='lat' dir='ltr'><strong>nostri</strong></span> <span class='ocrx_word' id='word_1_17' title='bbox 1043 613 1108 677; x_wconf 85' lang='lat' dir='ltr'><strong>ruti</strong></span> <span class='ocrx_word' id='word_1_18' title='bbox 1129 612 1301 697; x_wconf 80' lang='lat' dir='ltr'><strong>repentino</strong></span> 
     </span>
     <span class='ocr_line' id='line_1_4' title="bbox 213 708 1301 796; baseline -0.005 -16"><span class='ocrx_word' id='word_1_19' title='bbox 213 735 350 781; x_wconf 83' lang='lat' dir='ltr'><strong>snorum</strong></span> <span class='ocrx_word' id='word_1_20' title='bbox 365 716 510 781; x_wconf 84' lang='lat' dir='ltr'><strong>clamore</strong></span> <span class='ocrx_word' id='word_1_21' title='bbox 524 716 650 779; x_wconf 79' lang='lat' dir='ltr'><strong>moveri</strong></span> <span class='ocrx_word' id='word_1_22' title='bbox 665 714 818 793; x_wconf 79' lang='lat' dir='ltr'><strong>ilienses,</strong></span> <span class='ocrx_word' id='word_1_23' title='bbox 833 721 868 778; x_wconf 93' lang='lat' dir='ltr'><strong>et</strong></span> <span class='ocrx_word' id='word_1_24' title='bbox 881 714 925 778; x_wconf 90' lang='lat' dir='ltr'><strong>ob</strong></span> <span class='ocrx_word' id='word_1_25' title='bbox 940 713 974 777; x_wconf 92' lang='lat' dir='ltr'><strong>id</strong></span> <span class='ocrx_word' id='word_1_26' title='bbox 989 708 1069 778; x_wconf 84' lang='lat' dir='ltr'><strong>n&#39;ovi</strong></span> <span class='ocrx_word' id='word_1_27' title='bbox 1083 712 1168 796; x_wconf 90' lang='lat' dir='ltr'><strong>quid</strong></span> <span class='ocrx_word' id='word_1_28' title='bbox 1179 714 1301 795; x_wconf 87' lang='lat' dir='ltr'><strong>negotii</strong></span> 
     </span>
     <span class='ocr_line' id='line_1_5' title="bbox 212 810 1300 901; baseline -0.005 -21"><span class='ocrx_word' id='word_1_29' title='bbox 212 818 418 901; x_wconf 87' lang='lat' dir='ltr'><strong>incepturos,</strong></span> <span class='ocrx_word' id='word_1_30' title='bbox 434 814 592 897; x_wconf 75' lang='lat' dir='ltr'><strong>augendae</strong></span> <span class='ocrx_word' id='word_1_31' title='bbox 607 815 772 879; x_wconf 81' lang='lat' dir='ltr'><strong>custodies</strong></span> <span class='ocrx_word' id='word_1_32' title='bbox 785 834 902 892; x_wconf 83' lang='lat' dir='ltr'><strong>cause,</strong></span> <span class='ocrx_word' id='word_1_33' title='bbox 912 814 1048 879; x_wconf 88' lang='lat' dir='ltr'><strong>mittunt</strong></span> <span class='ocrx_word' id='word_1_34' title='bbox 1061 812 1147 879; x_wconf 87' lang='lat' dir='ltr'><strong>duos</strong></span> <span class='ocrx_word' id='word_1_35' title='bbox 1167 810 1300 896; x_wconf 84' lang='lat' dir='ltr'><strong>Ajaces,</strong></span> 
     </span>
     <span class='ocr_line' id='line_1_6' title="bbox 213 914 1301 999; baseline -0.004 -18"><span class='ocrx_word' id='word_1_36' title='bbox 213 917 409 982; x_wconf 80' lang='lat' dir='ltr'><strong>Diomedem</strong></span> <span class='ocrx_word' id='word_1_37' title='bbox 431 925 535 999; x_wconf 85' lang='lat' dir='ltr'><strong>utque</strong></span> <span class='ocrx_word' id='word_1_38' title='bbox 555 914 728 997; x_wconf 79' lang='lat' dir='ltr'><strong>Ulyssem,</strong></span> <span class='ocrx_word' id='word_1_39' title='bbox 754 916 852 999; x_wconf 86' lang='lat' dir='ltr'><strong>hique</strong></span> <span class='ocrx_word' id='word_1_40' title='bbox 875 915 958 979; x_wconf 85' lang='lat' dir='ltr'><strong>inter</strong></span> <span class='ocrx_word' id='word_1_41' title='bbox 980 933 1016 977; x_wconf 87' lang='lat' dir='ltr'><strong>se</strong></span> <span class='ocrx_word' id='word_1_42' title='bbox 1038 915 1301 995; x_wconf 66' lang='lat' dir='ltr'><strong>regionemque</strong></span> 
     </span>
     <span class='ocr_line' id='line_1_7' title="bbox 212 1014 1301 1098; baseline -0.006 -15"><span class='ocrx_word' id='word_1_43' title='bbox 212 1020 366 1083; x_wconf 81' lang='lat' dir='ltr'><strong>hostibus</strong></span> <span class='ocrx_word' id='word_1_44' title='bbox 380 1017 491 1083; x_wconf 83' lang='lat' dir='ltr'><strong>editus</strong></span> <span class='ocrx_word' id='word_1_45' title='bbox 504 1022 584 1094; x_wconf 87' lang='lat' dir='ltr'><strong>erut,</strong></span> <span class='ocrx_word' id='word_1_46' title='bbox 599 1016 812 1098; x_wconf 78' lang='lat' dir='ltr'><strong>dispertiunt.</strong></span> <span class='ocrx_word' id='word_1_47' title='bbox 855 1015 943 1094; x_wconf 76' lang='lat' dir='ltr'><strong>Qum</strong></span> <span class='ocrx_word' id='word_1_48' title='bbox 958 1033 1013 1079; x_wconf 87' lang='lat' dir='ltr'><strong>res</strong></span> <span class='ocrx_word' id='word_1_49' title='bbox 1028 1032 1091 1078; x_wconf 91' lang='lat' dir='ltr'><strong>non</strong></span> <span class='ocrx_word' id='word_1_50' title='bbox 1105 1014 1227 1079; x_wconf 78' lang='lat' dir='ltr'><strong>frustra</strong></span> <span class='ocrx_word' id='word_1_51' title='bbox 1241 1033 1301 1078; x_wconf 89' lang='lat' dir='ltr'><strong>eos</strong></span> 
     </span>
     <span class='ocr_line' id='line_1_8' title="bbox 211 1114 1300 1201; baseline -0.006 -18"><span class='ocrx_word' id='word_1_52' title='bbox 211 1120 333 1185; x_wconf 81' lang='lat' dir='ltr'><strong>hebuit.</strong></span> <span class='ocrx_word' id='word_1_53' title='bbox 379 1118 536 1201; x_wconf 87' lang='lat' dir='ltr'><strong>Numque</strong></span> <span class='ocrx_word' id='word_1_54' title='bbox 558 1116 651 1199; x_wconf 84' lang='lat' dir='ltr'><strong>epod</strong></span> <span class='ocrx_word' id='word_1_55' title='bbox 671 1114 809 1199; x_wconf 86' lang='lat' dir='ltr'><strong>Trojnm</strong></span> <span class='ocrx_word' id='word_1_56' title='bbox 835 1114 965 1180; x_wconf 87' lang='lat' dir='ltr'><strong>Hector</strong></span> <span class='ocrx_word' id='word_1_57' title='bbox 983 1133 1120 1180; x_wconf 79' lang='lat' dir='ltr'><strong>causum</strong></span> <span class='ocrx_word' id='word_1_58' title='bbox 1141 1114 1300 1179; x_wconf 87' lang='lat' dir='ltr'><strong>tumultus</strong></span> 
     </span>
     <span class='ocr_line' id='line_1_9' title="bbox 211 1210 1299 1302; baseline -0.006 -16"><span class='ocrx_word' id='word_1_59' title='bbox 211 1240 324 1286; x_wconf 84' lang='lat' dir='ltr'><strong>eorum</strong></span> <span class='ocrx_word' id='word_1_60' title='bbox 334 1220 475 1302; x_wconf 87' lang='lat' dir='ltr'><strong>cupidus</strong></span> <span class='ocrx_word' id='word_1_61' title='bbox 486 1215 807 1301; x_wconf 86' lang='lat' dir='ltr'><strong>persciseere,filium</strong></span> <span class='ocrx_word' id='word_1_62' title='bbox 817 1215 973 1281; x_wconf 86' lang='lat' dir='ltr'><strong>Eumedis</strong></span> <span class='ocrx_word' id='word_1_63' title='bbox 983 1210 1173 1290; x_wconf 73' lang='lat' dir='ltr'><strong>Dolonem,f</strong></span> <span class='ocrx_word' id='word_1_64' title='bbox 1183 1213 1299 1279; x_wconf 86' lang='lat' dir='ltr'><strong>multis</strong></span> 
     </span>
     <span class='ocr_line' id='line_1_10' title="bbox 211 1314 1300 1405; baseline -0.008 -19"><span class='ocrx_word' id='word_1_65' title='bbox 211 1321 359 1405; x_wconf 80' lang='lat' dir='ltr'><strong>praemiis</strong></span> <span class='ocrx_word' id='word_1_66' title='bbox 374 1320 611 1403; x_wconf 85' lang='lat' dir='ltr'><strong>promissisque</strong></span> <span class='ocrx_word' id='word_1_67' title='bbox 635 1318 811 1394; x_wconf 80' lang='lat' dir='ltr'><strong>illectum,⁸</strong></span> <span class='ocrx_word' id='word_1_68' title='bbox 833 1318 875 1382; x_wconf 83' lang='lat' dir='ltr'><strong>sd</strong></span> <span class='ocrx_word' id='word_1_69' title='bbox 899 1324 1104 1401; x_wconf 83' lang='lat' dir='ltr'><strong>postremum</strong></span> <span class='ocrx_word' id='word_1_70' title='bbox 1119 1314 1168 1379; x_wconf 90' lang='lat' dir='ltr'><strong>uti</strong></span> <span class='ocrx_word' id='word_1_71' title='bbox 1181 1314 1300 1397; x_wconf 84' lang='lat' dir='ltr'><strong>explo-</strong></span> 
     </span>
     <span class='ocr_line' id='line_1_11' title="bbox 211 1416 1299 1505; baseline -0.004 -20"><span class='ocrx_word' id='word_1_72' title='bbox 211 1427 318 1485; x_wconf 82' lang='lat' dir='ltr'><strong>ratum</strong></span> <span class='ocrx_word' id='word_1_73' title='bbox 332 1440 387 1484; x_wconf 88' lang='lat' dir='ltr'><strong>res</strong></span> <span class='ocrx_word' id='word_1_74' title='bbox 399 1419 595 1505; x_wconf 80' lang='lat' dir='ltr'><strong>Graecorum</strong></span> <span class='ocrx_word' id='word_1_75' title='bbox 609 1418 828 1501; x_wconf 82' lang='lat' dir='ltr'><strong>egrederetur,</strong></span> <span class='ocrx_word' id='word_1_76' title='bbox 850 1419 971 1483; x_wconf 87' lang='lat' dir='ltr'><strong>mittit:</strong></span> <span class='ocrx_word' id='word_1_77' title='bbox 993 1419 1090 1501; x_wconf 89' lang='lat' dir='ltr'><strong>isque</strong></span> <span class='ocrx_word' id='word_1_78' title='bbox 1113 1435 1181 1480; x_wconf 89' lang='lat' dir='ltr'><strong>non</strong></span> <span class='ocrx_word' id='word_1_79' title='bbox 1200 1416 1299 1498; x_wconf 91' lang='lat' dir='ltr'><strong>longe</strong></span> 
     </span>
     <span class='ocr_line' id='line_1_12' title="bbox 211 1518 1300 1601; baseline -0.006 -14"><span class='ocrx_word' id='word_1_80' title='bbox 211 1523 398 1587; x_wconf 80' lang='lat' dir='ltr'><strong>anavibus</strong></span> <span class='ocrx_word' id='word_1_81' title='bbox 421 1519 539 1585; x_wconf 84' lang='lat' dir='ltr'><strong>avidus</strong></span> <span class='ocrx_word' id='word_1_82' title='bbox 563 1520 677 1601; x_wconf 79' lang='lat' dir='ltr'><strong>ignaru</strong></span> <span class='ocrx_word' id='word_1_83' title='bbox 701 1518 976 1601; x_wconf 77' lang='lat' dir='ltr'><strong>cognoscendi,²¹¹</strong></span> <span class='ocrx_word' id='word_1_84' title='bbox 1003 1518 1081 1583; x_wconf 92' lang='lat' dir='ltr'><strong>dum</strong></span> <span class='ocrx_word' id='word_1_85' title='bbox 1104 1518 1199 1601; x_wconf 83' lang='lat' dir='ltr'><strong>eupit</strong></span> <span class='ocrx_word' id='word_1_86' title='bbox 1222 1536 1300 1581; x_wconf 89' lang='lat' dir='ltr'><strong>sus·</strong></span> 
     </span>
     <span class='ocr_line' id='line_1_13' title="bbox 211 1618 1298 1706; baseline -0.004 -19"><span class='ocrx_word' id='word_1_87' title='bbox 211 1624 303 1706; x_wconf 85' lang='lat' dir='ltr'><strong>cepti</strong></span> <span class='ocrx_word' id='word_1_88' title='bbox 317 1622 442 1705; x_wconf 87' lang='lat' dir='ltr'><strong>negotii</strong></span> <span class='ocrx_word' id='word_1_89' title='bbox 455 1620 552 1685; x_wconf 87' lang='lat' dir='ltr'><strong>fidem</strong></span> <span class='ocrx_word' id='word_1_90' title='bbox 568 1620 744 1705; x_wconf 80' lang='lat' dir='ltr'><strong>complere,</strong></span> <span class='ocrx_word' id='word_1_91' title='bbox 761 1621 794 1685; x_wconf 92' lang='lat' dir='ltr'><strong>in</strong></span> <span class='ocrx_word' id='word_1_92' title='bbox 813 1638 932 1685; x_wconf 87' lang='lat' dir='ltr'><strong>munus</strong></span> <span class='ocrx_word' id='word_1_93' title='bbox 946 1618 1133 1696; x_wconf 85' lang='lat' dir='ltr'><strong>Diomedis,</strong></span> <span class='ocrx_word' id='word_1_94' title='bbox 1146 1618 1204 1703; x_wconf 90' lang='lat' dir='ltr'><strong>qui</strong></span> <span class='ocrx_word' id='word_1_95' title='bbox 1220 1638 1298 1683; x_wconf 86' lang='lat' dir='ltr'><strong>eum</strong></span> 
     </span>
     <span class='ocr_line' id='line_1_14' title="bbox 209 1717 1300 1805; baseline -0.004 -19"><span class='ocrx_word' id='word_1_96' title='bbox 209 1723 321 1789; x_wconf 82' lang='lat' dir='ltr'><strong>locum</strong></span> <span class='ocrx_word' id='word_1_97' title='bbox 345 1742 419 1787; x_wconf 87' lang='lat' dir='ltr'><strong>cum</strong></span> <span class='ocrx_word' id='word_1_98' title='bbox 434 1721 557 1805; x_wconf 85' lang='lat' dir='ltr'><strong>Ulysse</strong></span> <span class='ocrx_word' id='word_1_99' title='bbox 577 1717 806 1799; x_wconf 60' lang='lat' dir='ltr'><strong>custodiebutl</strong></span> <span class='ocrx_word' id='word_1_100' title='bbox 826 1720 982 1785; x_wconf 85' lang='lat' dir='ltr'><strong>devenit:</strong></span> <span class='ocrx_word' id='word_1_101' title='bbox 1012 1740 1053 1784; x_wconf 85' lang='lat' dir='ltr'><strong>ao</strong></span> <span class='ocrx_word' id='word_1_102' title='bbox 1079 1738 1158 1785; x_wconf 83' lang='lat' dir='ltr'><strong>mox</strong></span> <span class='ocrx_word' id='word_1_103' title='bbox 1181 1721 1225 1784; x_wconf 87' lang='lat' dir='ltr'><strong>ub</strong></span> <span class='ocrx_word' id='word_1_104' title='bbox 1245 1718 1300 1783; x_wconf 85' lang='lat' dir='ltr'><strong>his</strong></span> 
     </span>
     <span class='ocr_line' id='line_1_15' title="bbox 211 1816 1299 1908; baseline -0.002 -21"><span class='ocrx_word' id='word_1_105' title='bbox 211 1824 469 1907; x_wconf 87' lang='lat' dir='ltr'><strong>comprehensus</strong></span> <span class='ocrx_word' id='word_1_106' title='bbox 493 1822 590 1887; x_wconf 77' lang='lat' dir='ltr'><strong>refert</strong></span> <span class='ocrx_word' id='word_1_107' title='bbox 611 1829 742 1899; x_wconf 83' lang='lat' dir='ltr'><strong>cuncte,</strong></span> <span class='ocrx_word' id='word_1_108' title='bbox 764 1829 864 1905; x_wconf 90' lang='lat' dir='ltr'><strong>utque</strong></span> <span class='ocrx_word' id='word_1_109' title='bbox 888 1821 1061 1887; x_wconf 85' lang='lat' dir='ltr'><strong>occiditur.</strong></span> <span class='ocrx_word' id='word_1_110' title='bbox 1105 1816 1187 1908; x_wconf 64' lang='lat'>[383]</span> <span class='ocrx_word' id='word_1_111' title='bbox 1208 1819 1299 1885; x_wconf 85' lang='lat' dir='ltr'><strong>Dein</strong></span> 
     </span>
     <span class='ocr_line' id='line_1_16' title="bbox 211 1919 1298 2008; baseline 0 -20"><span class='ocrx_word' id='word_1_112' title='bbox 211 1925 330 1989; x_wconf 85' lang='lat' dir='ltr'><strong>diebos</strong></span> <span class='ocrx_word' id='word_1_113' title='bbox 345 1924 474 2008; x_wconf 80' lang='lat' dir='ltr'><strong>aliquot</strong></span> <span class='ocrx_word' id='word_1_114' title='bbox 489 1923 524 1988; x_wconf 91' lang='lat' dir='ltr'><strong>in</strong></span> <span class='ocrx_word' id='word_1_115' title='bbox 538 1923 609 1987; x_wconf 91' lang='lat' dir='ltr'><strong>otio</strong></span> <span class='ocrx_word' id='word_1_116' title='bbox 625 1924 724 2001; x_wconf 91' lang='lat' dir='ltr'><strong>tritis,</strong></span> <span class='ocrx_word' id='word_1_117' title='bbox 743 1922 918 2007; x_wconf 87' lang='lat' dir='ltr'><strong>productio</strong></span> <span class='ocrx_word' id='word_1_118' title='bbox 939 1924 1110 2007; x_wconf 85' lang='lat' dir='ltr'><strong>utriusque</strong></span> <span class='ocrx_word' id='word_1_119' title='bbox 1129 1919 1298 1988; x_wconf 83' lang='lat' dir='ltr'><strong>exereitus</strong></span> 
     </span>
     <span class='ocr_line' id='line_1_17' title="bbox 209 2022 1299 2110; baseline -0.006 -19"><span class='ocrx_word' id='word_1_120' title='bbox 209 2035 433 2110; x_wconf 71' lang='lat' dir='ltr'><strong>properetur:</strong></span> <span class='ocrx_word' id='word_1_121' title='bbox 464 2023 639 2107; x_wconf 83' lang='lat' dir='ltr'><strong>divisoque</strong></span> <span class='ocrx_word' id='word_1_122' title='bbox 662 2026 748 2090; x_wconf 90' lang='lat' dir='ltr'><strong>inter</strong></span> <span class='ocrx_word' id='word_1_123' title='bbox 769 2044 806 2089; x_wconf 89' lang='lat' dir='ltr'><strong>se</strong></span> <span class='ocrx_word' id='word_1_124' title='bbox 829 2043 963 2109; x_wconf 81' lang='lat' dir='ltr'><strong>eampo,</strong></span> <span class='ocrx_word' id='word_1_125' title='bbox 984 2026 1041 2108; x_wconf 90' lang='lat' dir='ltr'><strong>qui</strong></span> <span class='ocrx_word' id='word_1_126' title='bbox 1062 2023 1192 2088; x_wconf 87' lang='lat' dir='ltr'><strong>medius</strong></span> <span class='ocrx_word' id='word_1_127' title='bbox 1215 2022 1299 2085; x_wconf 87' lang='lat' dir='ltr'><strong>inter</strong></span> 
     </span>
     <span class='ocr_line' id='line_1_18' title="bbox 208 2122 1297 2211; baseline -0.005 -21"><span class='ocrx_word' id='word_1_128' title='bbox 208 2126 345 2209; x_wconf 83' lang='lat' dir='ltr'><strong>Trojum</strong></span> <span class='ocrx_word' id='word_1_129' title='bbox 358 2131 392 2190; x_wconf 87' lang='lat' dir='ltr'><strong>et</strong></span> <span class='ocrx_word' id='word_1_130' title='bbox 401 2144 504 2191; x_wconf 81' lang='lat' dir='ltr'><strong>noves</strong></span> <span class='ocrx_word' id='word_1_131' title='bbox 514 2122 529 2163; x_wconf 80' lang='lat'><strong>¹¹</strong></span> <span class='ocrx_word' id='word_1_132' title='bbox 541 2125 730 2210; x_wconf 72' lang='lat' dir='ltr'><strong>interjacet,</strong></span> <span class='ocrx_word' id='word_1_133' title='bbox 740 2128 797 2191; x_wconf 89' lang='lat' dir='ltr'><strong>ubi</strong></span> <span class='ocrx_word' id='word_1_134' title='bbox 811 2133 942 2211; x_wconf 90' lang='lat' dir='ltr'><strong>tempus</strong></span> <span class='ocrx_word' id='word_1_135' title='bbox 951 2125 1099 2191; x_wconf 80' lang='lat' dir='ltr'><strong>bellandi</strong></span> <span class='ocrx_word' id='word_1_136' title='bbox 1113 2122 1297 2193; x_wconf 74' lang='lat' dir='ltr'><strong>ridebatur,</strong></span> 
     </span>
     <span class='ocr_line' id='line_1_19' title="bbox 209 2226 1298 2310; baseline -0.003 -20"><span class='ocrx_word' id='word_1_137' title='bbox 209 2245 332 2308; x_wconf 85' lang='lat' dir='ltr'><strong>mugno</strong></span> <span class='ocrx_word' id='word_1_138' title='bbox 345 2245 425 2292; x_wconf 82' lang='lat' dir='ltr'><strong>euru</strong></span> <span class='ocrx_word' id='word_1_139' title='bbox 436 2229 608 2293; x_wconf 85' lang='lat' dir='ltr'><strong>universus</strong></span> <span class='ocrx_word' id='word_1_140' title='bbox 621 2227 719 2292; x_wconf 88' lang='lat' dir='ltr'><strong>miles</strong></span> <span class='ocrx_word' id='word_1_141' title='bbox 732 2229 909 2294; x_wconf 82' lang='lat' dir='ltr'><strong>instructos</strong></span> <span class='ocrx_word' id='word_1_142' title='bbox 923 2229 1036 2304; x_wconf 82' lang='lat' dir='ltr'><strong>ermis,</strong></span> <span class='ocrx_word' id='word_1_143' title='bbox 1051 2226 1204 2310; x_wconf 88' lang='lat' dir='ltr'><strong>utrinque</strong></span> <span class='ocrx_word' id='word_1_144' title='bbox 1219 2241 1298 2307; x_wconf 85' lang='lat' dir='ltr'><strong>pro·</strong></span> 
     </span>
     <span class='ocr_line' id='line_1_20' title="bbox 210 2323 1296 2410; baseline -0.002 -19"><span class='ocrx_word' id='word_1_145' title='bbox 210 2326 341 2391; x_wconf 89' lang='lat' dir='ltr'><strong>cedere.</strong></span> <span class='ocrx_word' id='word_1_146' title='bbox 384 2328 471 2391; x_wconf 88' lang='lat' dir='ltr'><strong>Dein</strong></span> <span class='ocrx_word' id='word_1_147' title='bbox 494 2330 591 2410; x_wconf 87' lang='lat' dir='ltr'><strong>signo</strong></span> <span class='ocrx_word' id='word_1_148' title='bbox 617 2329 705 2406; x_wconf 87' lang='lat' dir='ltr'><strong>duto,</strong></span> <span class='ocrx_word' id='word_1_149' title='bbox 733 2329 883 2393; x_wconf 82' lang='lat' dir='ltr'><strong>densatis</strong></span> <span class='ocrx_word' id='word_1_150' title='bbox 911 2328 1088 2405; x_wconf 83' lang='lat' dir='ltr'><strong>frontibus,</strong></span> <span class='ocrx_word' id='word_1_151' title='bbox 1113 2323 1296 2390; x_wconf 81' lang='lat' dir='ltr'><strong>conflixere</strong></span> 
     </span>
    </p>
   </div>
   <div class='ocr_carea' id='block_1_3' title="bbox 211 2422 1297 2514">
    <p class='ocr_par' dir='ltr' id='par_1_3' title="bbox 211 2422 1297 2514">
     <span class='ocr_line' id='line_1_21' title="bbox 211 2422 1297 2514; baseline -0.002 -22"><span class='ocrx_word' id='word_1_152' title='bbox 211 2428 313 2507; x_wconf 82' lang='lat' dir='ltr'><strong>ecies,</strong></span> <span class='ocrx_word' id='word_1_153' title='bbox 334 2429 538 2514; x_wconf 83' lang='lat' dir='ltr'><strong>composite³</strong></span> <span class='ocrx_word' id='word_1_154' title='bbox 561 2429 694 2497; x_wconf 75' lang='lat' dir='ltr'><strong>Graecis</strong></span> <span class='ocrx_word' id='word_1_155' title='bbox 721 2449 763 2496; x_wconf 85' lang='lat' dir='ltr'><strong>ao</strong></span> <span class='ocrx_word' id='word_1_156' title='bbox 786 2430 921 2514; x_wconf 85' lang='lat' dir='ltr'><strong>singulis</strong></span> <span class='ocrx_word' id='word_1_157' title='bbox 935 2449 994 2513; x_wconf 83' lang='lat' dir='ltr'><strong>per</strong></span> <span class='ocrx_word' id='word_1_158' title='bbox 1009 2422 1297 2494; x_wconf 85' lang='lat' dir='ltr'><strong>distributionem¹</strong></span> 
     </span>
    </p>
   </div>
   <div class='ocr_carea' id='block_1_4' title="bbox 668 2608 850 2644">
    <p class='ocr_par' dir='ltr' id='par_1_4' title="bbox 668 2608 850 2644">
     <span class='ocr_line' id='line_1_22' title="bbox 668 2608 850 2644; baseline 0.005 -14"><span class='ocrx_word' id='word_1_159' title='bbox 668 2608 850 2644; x_wconf 52' lang='lat' dir='ltr'><strong>oooemnuq</strong></span> 
     </span>
    </p>
   </div>
   <div class='ocr_carea' id='block_1_5' title="bbox 210 2720 1293 2790">
    <p class='ocr_par' dir='ltr' id='par_1_5' title="bbox 210 2720 1293 2790">
     <span class='ocr_line' id='line_1_23' title="bbox 210 2720 1293 2790; baseline -0.005 -13"><span class='ocrx_word' id='word_1_160' title='bbox 210 2720 329 2786; x_wconf 63' lang='lat' dir='ltr'><strong>luelph·</strong></span> <span class='ocrx_word' id='word_1_161' title='bbox 338 2725 503 2774; x_wconf 66' lang='lat' dir='ltr'><strong>numdi-8</strong></span> <span class='ocrx_word' id='word_1_162' title='bbox 514 2725 607 2790; x_wconf 77' lang='lat' dir='ltr'><strong>Detpn</strong></span> <span class='ocrx_word' id='word_1_163' title='bbox 615 2727 678 2776; x_wconf 77' lang='lat' dir='ltr'><strong>artu</strong></span> <span class='ocrx_word' id='word_1_164' title='bbox 685 2727 879 2790; x_wconf 70' lang='lat' dir='ltr'><strong>murdim-t</strong></span> <span class='ocrx_word' id='word_1_165' title='bbox 887 2723 970 2776; x_wconf 80' lang='lat' dir='ltr'><strong>Deest</strong></span> <span class='ocrx_word' id='word_1_166' title='bbox 981 2725 1071 2776; x_wconf 77' lang='lat' dir='ltr'><strong>renutu</strong></span> <span class='ocrx_word' id='word_1_167' title='bbox 1079 2737 1122 2788; x_wconf 74' lang='lat' dir='ltr'><strong>oue</strong></span> <span class='ocrx_word' id='word_1_168' title='bbox 1131 2723 1157 2773; x_wconf 93' lang='lat' dir='ltr'><strong>io</strong></span> <span class='ocrx_word' id='word_1_169' title='bbox 1166 2721 1293 2790; x_wconf 68' lang='lat' dir='ltr'><strong>Doluit.-</strong></span> 
     </span>
    </p>
   </div>
   <div class='ocr_carea' id='block_1_6' title="bbox 695 2886 806 2938">
    <p class='ocr_par' dir='ltr' id='par_1_6' title="bbox 695 2886 806 2938">
     <span class='ocr_line' id='line_1_24' title="bbox 695 2886 806 2938; baseline 0 0"><span class='ocrx_word' id='word_1_170' title='bbox 695 2886 806 2938; x_wconf 68' lang='lat' dir='ltr'><strong>Now</strong></span> 
     </span>
    </p>
   </div>
   <div class='ocr_carea' id='block_1_7' title="bbox 203 2993 1297 4270">
    <p class='ocr_par' dir='ltr' id='par_1_7' title="bbox 203 2993 1297 4270">
     <span class='ocr_line' id='line_1_25' title="bbox 209 2993 1295 3061; baseline 0.002 -19"><span class='ocrx_word' id='word_1_171' title='bbox 209 2993 374 3056; x_wconf 70' lang='lat' dir='ltr'><strong>prevertitur</strong></span> <span class='ocrx_word' id='word_1_172' title='bbox 385 2993 520 3044; x_wconf 58' lang='lat' dir='ltr'><strong>Hebrum)</strong></span> <span class='ocrx_word' id='word_1_173' title='bbox 770 2998 830 3061; x_wconf 79' lang='lat' dir='ltr'><strong>Jug.</strong></span> <span class='ocrx_word' id='word_1_174' title='bbox 845 2997 938 3048; x_wconf 82' lang='lat' dir='ltr'><strong>‘More</strong></span> <span class='ocrx_word' id='word_1_175' title='bbox 946 2995 1061 3046; x_wconf 75' lang='lat' dir='ltr'><strong>iturorum</strong></span> <span class='ocrx_word' id='word_1_176' title='bbox 1071 2993 1199 3058; x_wconf 83' lang='lat' dir='ltr'><strong>errpidinir</strong></span> <span class='ocrx_word' id='word_1_177' title='bbox 1207 2994 1295 3058; x_wconf 75' lang='lat' dir='ltr'><strong>ignoro</strong></span> 
     </span>
     <span class='ocr_line' id='line_1_26' title="bbox 241 3065 1297 3134; baseline 0.003 -18"><span class='ocrx_word' id='word_1_178' title='bbox 241 3065 353 3117; x_wconf 71' lang='lat' dir='ltr'><strong>&#39;Filium</strong></span> <span class='ocrx_word' id='word_1_179' title='bbox 361 3069 608 3134; x_wconf 74' lang='lat' dir='ltr'><strong>ErmedirDolmen]</strong></span> <span class='ocrx_word' id='word_1_180' title='bbox 625 3071 733 3121; x_wconf 84' lang='lat' dir='ltr'><strong>Homer.</strong></span> <span class='ocrx_word' id='word_1_181' title='bbox 771 3072 888 3125; x_wconf 71' lang='lat' dir='ltr'><strong>visendi!</strong></span> <span class='ocrx_word' id='word_1_182' title='bbox 921 3071 1003 3123; x_wconf 84' lang='lat' dir='ltr'><strong>Item:</strong></span> <span class='ocrx_word' id='word_1_183' title='bbox 1026 3071 1119 3120; x_wconf 80' lang='lat' dir='ltr'><strong>‘Mero</strong></span> <span class='ocrx_word' id='word_1_184' title='bbox 1131 3084 1248 3133; x_wconf 77' lang='lat' dir='ltr'><strong>mgnum</strong></span> <span class='ocrx_word' id='word_1_185' title='bbox 1268 3077 1297 3119; x_wconf 86' lang='lat' dir='ltr'><strong>et</strong></span> 
     </span>
     <span class='ocr_line' id='line_1_27' title="bbox 207 3140 1296 3212; baseline 0.001 -19"><span class='ocrx_word' id='word_1_186' title='bbox 207 3143 283 3194; x_wconf 81' lang='lat' dir='ltr'><strong>llied.</strong></span> <span class='ocrx_word' id='word_1_187' title='bbox 295 3149 324 3193; x_wconf 86' lang='lat' dir='ltr'><strong>rt.</strong></span> <span class='ocrx_word' id='word_1_188' title='bbox 336 3140 385 3191; x_wconf 76' lang='grc' dir='ltr'><strong>Ἠν</strong></span> <span class='ocrx_word' id='word_1_189' title='bbox 395 3142 423 3193; x_wconf 82' lang='lat' dir='ltr'><strong>rt</strong></span> <span class='ocrx_word' id='word_1_190' title='bbox 434 3162 471 3193; x_wconf 82' lang='lat' dir='ltr'><strong>mr</strong></span> <span class='ocrx_word' id='word_1_191' title='bbox 488 3145 514 3194; x_wconf 73' lang='lat' dir='ltr'><strong>tr</strong></span> <span class='ocrx_word' id='word_1_192' title='bbox 529 3143 633 3209; x_wconf 64' lang='lat' dir='ltr'><strong>&#39;rodem</strong></span> <span class='ocrx_word' id='word_1_193' title='bbox 642 3146 733 3212; x_wconf 69' lang='grc' dir='ltr'><strong>Δόλων,</strong></span> <span class='ocrx_word' id='word_1_194' title='bbox 770 3149 862 3211; x_wconf 76' lang='lat' dir='ltr'><strong>ignaro</strong></span> <span class='ocrx_word' id='word_1_195' title='bbox 880 3148 966 3212; x_wconf 78' lang='lat' dir='ltr'><strong>lingua</strong></span> <span class='ocrx_word' id='word_1_196' title='bbox 981 3147 1162 3197; x_wconf 80' lang='lat' dir='ltr'><strong>commercium</strong></span> <span class='ocrx_word' id='word_1_197' title='bbox 1175 3143 1296 3208; x_wconf 79' lang='lat' dir='ltr'><strong>prohibe·</strong></span> 
     </span>
     <span class='ocr_line' id='line_1_28' title="bbox 207 3216 1296 3284; baseline 0.003 -18"><span class='ocrx_word' id='word_1_198' title='bbox 207 3216 323 3277; x_wconf 67' lang='grc' dir='ltr'><strong>Εὐμήδεος</strong></span> <span class='ocrx_word' id='word_1_199' title='bbox 334 3217 389 3274; x_wconf 72' lang='lat' dir='ltr'><strong>vor,</strong></span> <span class='ocrx_word' id='word_1_200' title='bbox 402 3217 507 3282; x_wconf 68' lang='grc' dir='ltr'><strong>Κήρυκας</strong></span> <span class='ocrx_word' id='word_1_201' title='bbox 524 3219 732 3284; x_wconf 65' lang='lat' dir='ltr'><strong>trlormotlxpu·</strong></span> <span class='ocrx_word' id='word_1_202' title='bbox 770 3223 849 3273; x_wconf 61' lang='lat' dir='ltr'><strong>baut!</strong></span> <span class='ocrx_word' id='word_1_203' title='bbox 887 3221 971 3272; x_wconf 88' lang='lat' dir='ltr'><strong>Item:</strong></span> <span class='ocrx_word' id='word_1_204' title='bbox 996 3222 1151 3284; x_wconf 79' lang='lat' dir='ltr'><strong>‘plerosque</strong></span> <span class='ocrx_word' id='word_1_205' title='bbox 1173 3220 1296 3270; x_wconf 80' lang='lat' dir='ltr'><strong>relocitu</strong></span> 
     </span>
     <span class='ocr_line' id='line_1_29' title="bbox 206 3291 1295 3364; baseline 0.003 -19"><span class='ocrx_word' id='word_1_206' title='bbox 206 3309 258 3357; x_wconf 72' lang='lat' dir='ltr'><strong>eor,</strong></span> <span class='ocrx_word' id='word_1_207' title='bbox 268 3291 430 3354; x_wconf 71' lang='grc' dir='ltr'><strong>πολῦχιλκω.</strong></span> <span class='ocrx_word' id='word_1_208' title='bbox 441 3296 521 3344; x_wconf 77' lang='lat' dir='ltr'><strong>‘Erat</strong></span> <span class='ocrx_word' id='word_1_209' title='bbox 532 3305 618 3348; x_wconf 77' lang='lat' dir='ltr'><strong>eutem</strong></span> <span class='ocrx_word' id='word_1_210' title='bbox 629 3300 732 3363; x_wconf 82' lang='lat' dir='ltr'><strong>quidum</strong></span> <span class='ocrx_word' id='word_1_211' title='bbox 769 3309 798 3351; x_wconf 89' lang='lat' dir='ltr'><strong>et</strong></span> <span class='ocrx_word' id='word_1_212' title='bbox 808 3301 879 3364; x_wconf 81' lang='lat' dir='ltr'><strong>regio</strong></span> <span class='ocrx_word' id='word_1_213' title='bbox 890 3301 1003 3350; x_wconf 76' lang='lat' dir='ltr'><strong>hortibus</strong></span> <span class='ocrx_word' id='word_1_214' title='bbox 1014 3301 1103 3362; x_wconf 75' lang='lat' dir='ltr'><strong>ignoro</strong></span> <span class='ocrx_word' id='word_1_215' title='bbox 1121 3305 1207 3348; x_wconf 77' lang='lat' dir='ltr'><strong>tututr</strong></span> <span class='ocrx_word' id='word_1_216' title='bbox 1217 3295 1295 3348; x_wconf 76' lang='lat' dir='ltr'><strong>runt-⁹</strong></span> 
     </span>
     <span class='ocr_line' id='line_1_30' title="bbox 205 3370 1296 3441; baseline 0.006 -23"><span class='ocrx_word' id='word_1_217' title='bbox 205 3370 275 3419; x_wconf 87' lang='lat' dir='ltr'><strong>inter</strong></span> <span class='ocrx_word' id='word_1_218' title='bbox 285 3370 409 3435; x_wconf 77' lang='lat' dir='ltr'><strong>TroJ&#39;unor</strong></span> <span class='ocrx_word' id='word_1_219' title='bbox 421 3372 513 3433; x_wconf 73' lang='lat' dir='ltr'><strong>Dolum</strong></span> <span class='ocrx_word' id='word_1_220' title='bbox 530 3374 652 3428; x_wconf 80' lang='lat' dir='ltr'><strong>Eumedit</strong></span> <span class='ocrx_word' id='word_1_221' title='bbox 666 3377 733 3428; x_wconf 83' lang='lat' dir='ltr'><strong>filim</strong></span> <span class='ocrx_word' id='word_1_222' title='bbox 771 3377 807 3426; x_wconf 85' lang='lat' dir='ltr'><strong>Et</strong></span> <span class='ocrx_word' id='word_1_223' title='bbox 820 3377 895 3441; x_wconf 79' lang='lat' dir='ltr'><strong>Virg.</strong></span> <span class='ocrx_word' id='word_1_224' title='bbox 912 3389 940 3426; x_wconf 79' lang='lat' dir='ltr'><strong>x.</strong></span> <span class='ocrx_word' id='word_1_225' title='bbox 954 3375 1012 3424; x_wconf 81' lang='lat' dir='ltr'><strong>AEn.</strong></span> <span class='ocrx_word' id='word_1_226' title='bbox 1030 3373 1170 3436; x_wconf 74' lang='lat' dir='ltr'><strong>‘Ignarum</strong></span> <span class='ocrx_word' id='word_1_227' title='bbox 1182 3371 1296 3424; x_wconf 62' lang='lat' dir='ltr'><strong>laturum</strong></span> 
     </span>
     <span class='ocr_line' id='line_1_31' title="bbox 206 3445 1175 3516; baseline 0.001 -22"><span class='ocrx_word' id='word_1_228' title='bbox 206 3445 339 3495; x_wconf 75' lang='lat' dir='ltr'><strong>Proeouir</strong></span> <span class='ocrx_word' id='word_1_229' title='bbox 361 3446 452 3512; x_wconf 79' lang='lat' dir='ltr'><strong>divini,</strong></span> <span class='ocrx_word' id='word_1_230' title='bbox 472 3447 546 3499; x_wconf 80' lang='lat' dir='ltr'><strong>diver</strong></span> <span class='ocrx_word' id='word_1_231' title='bbox 568 3452 633 3516; x_wconf 83' lang='lat' dir='ltr'><strong>rori,</strong></span> <span class='ocrx_word' id='word_1_232' title='bbox 659 3451 732 3504; x_wconf 80' lang='lat' dir='ltr'><strong>diver</strong></span> <span class='ocrx_word' id='word_1_233' title='bbox 770 3450 904 3501; x_wconf 77' lang='lat' dir='ltr'><strong>habetors</strong></span> <span class='ocrx_word' id='word_1_234' title='bbox 914 3446 1056 3500; x_wconf 68' lang='lat' dir='ltr'><strong>Mimante!</strong></span> <span class='ocrx_word' id='word_1_235' title='bbox 1071 3448 1175 3496; x_wconf 71' lang='lat' dir='ltr'><strong>Memor.</strong></span> 
     </span>
     <span class='ocr_line' id='line_1_32' title="bbox 207 3520 1296 3588; baseline 0.004 -18"><span class='ocrx_word' id='word_1_236' title='bbox 207 3520 284 3570; x_wconf 58' lang='lat' dir='ltr'><strong>aris)</strong></span> <span class='ocrx_word' id='word_1_237' title='bbox 802 3525 870 3584; x_wconf 74' lang='lat' dir='ltr'><strong>¹Qui</strong></span> <span class='ocrx_word' id='word_1_238' title='bbox 879 3541 931 3576; x_wconf 81' lang='lat' dir='ltr'><strong>eurr</strong></span> <span class='ocrx_word' id='word_1_239' title='bbox 942 3525 1077 3574; x_wconf 72' lang='lat' dir='ltr'><strong>lectorem·</strong></span> <span class='ocrx_word' id='word_1_240' title='bbox 1088 3523 1171 3588; x_wconf 61' lang='lat' dir='ltr'><strong>thue</strong></span> <span class='ocrx_word' id='word_1_241' title='bbox 1180 3522 1296 3574; x_wconf 77' lang='lat' dir='ltr'><strong>modir-</strong></span> 
     </span>
     <span class='ocr_line' id='line_1_33' title="bbox 238 3595 1295 3666; baseline -0.014 -5"><span class='ocrx_word' id='word_1_242' title='bbox 238 3603 251 3638; x_wconf 79' lang='lat'><em>⁸</em></span> <span class='ocrx_word' id='word_1_243' title='bbox 268 3595 355 3643; x_wconf 61' lang='grc' dir='ltr'><strong>Μ’</strong></span> <span class='ocrx_word' id='word_1_244' title='bbox 371 3596 476 3658; x_wconf 63' lang='lat' dir='ltr'><strong>iim·⁵⁸¹⁸</strong></span> <span class='ocrx_word' id='word_1_245' title='bbox 490 3599 654 3663; x_wconf 62' lang='grc' dir='ltr'><strong>ΡΜῙΙίίψ</strong></span> <span class='ocrx_word' id='word_1_246' title='bbox 669 3602 732 3652; x_wconf 80' lang='lat' dir='ltr'><strong>t‘llre·</strong></span> <span class='ocrx_word' id='word_1_247' title='bbox 769 3601 821 3666; x_wconf 76' lang='lat' dir='ltr'><strong>lut]</strong></span> <span class='ocrx_word' id='word_1_248' title='bbox 837 3601 879 3650; x_wconf 76' lang='lat' dir='ltr'><strong>Ab</strong></span> <span class='ocrx_word' id='word_1_249' title='bbox 898 3599 1012 3650; x_wconf 85' lang='lat' dir='ltr'><strong>Homero</strong></span> <span class='ocrx_word' id='word_1_250' title='bbox 1031 3599 1074 3648; x_wconf 83' lang='lat' dir='ltr'><strong>hio</strong></span> <span class='ocrx_word' id='word_1_251' title='bbox 1090 3599 1168 3649; x_wconf 77' lang='lat' dir='ltr'><strong>etiem</strong></span> <span class='ocrx_word' id='word_1_252' title='bbox 1178 3596 1295 3648; x_wconf 78' lang='lat' dir='ltr'><strong>diversus</strong></span> 
     </span>
     <span class='ocr_line' id='line_1_34' title="bbox 205 3667 1294 3737; baseline 0.002 -17"><span class='ocrx_word' id='word_1_253' title='bbox 205 3667 268 3732; x_wconf 82' lang='lat' dir='ltr'><strong>tum]</strong></span> <span class='ocrx_word' id='word_1_254' title='bbox 295 3667 332 3718; x_wconf 79' lang='lat' dir='ltr'><strong>At</strong></span> <span class='ocrx_word' id='word_1_255' title='bbox 348 3669 417 3733; x_wconf 77' lang='lat' dir='ltr'><strong>opud</strong></span> <span class='ocrx_word' id='word_1_256' title='bbox 439 3670 577 3722; x_wconf 82' lang='lat' dir='ltr'><strong>Homerum</strong></span> <span class='ocrx_word' id='word_1_257' title='bbox 591 3675 732 3728; x_wconf 73' lang='lat' dir='ltr'><strong>lrieDoIon</strong></span> <span class='ocrx_word' id='word_1_258' title='bbox 769 3676 841 3736; x_wconf 83' lang='lat' dir='ltr'><strong>rbit;</strong></span> <span class='ocrx_word' id='word_1_259' title='bbox 855 3674 1023 3725; x_wconf 76' lang='lat' dir='ltr'><strong>scribitenim</strong></span> <span class='ocrx_word' id='word_1_260' title='bbox 1035 3672 1164 3723; x_wconf 80' lang='lat' dir='ltr'><strong>Homerus</strong></span> <span class='ocrx_word' id='word_1_261' title='bbox 1177 3673 1294 3737; x_wconf 76' lang='lat' dir='ltr'><strong>Ulyssem</strong></span> 
     </span>
     <span class='ocr_line' id='line_1_35' title="bbox 206 3744 1294 3812; baseline 0.001 -17"><span class='ocrx_word' id='word_1_262' title='bbox 206 3759 234 3795; x_wconf 84' lang='lat' dir='ltr'><strong>re</strong></span> <span class='ocrx_word' id='word_1_263' title='bbox 245 3744 312 3795; x_wconf 89' lang='lat' dir='ltr'><strong>ultro</strong></span> <span class='ocrx_word' id='word_1_264' title='bbox 323 3744 429 3806; x_wconf 86' lang='lat' dir='ltr'><strong>obtulit,</strong></span> <span class='ocrx_word' id='word_1_265' title='bbox 447 3747 575 3812; x_wconf 83' lang='lat' dir='ltr'><strong>petiitque</strong></span> <span class='ocrx_word' id='word_1_266' title='bbox 592 3756 691 3801; x_wconf 85' lang='lat' dir='ltr'><strong>tuntum</strong></span> <span class='ocrx_word' id='word_1_267' title='bbox 702 3767 730 3802; x_wconf 85' lang='lat' dir='ltr'><strong>e·</strong></span> <span class='ocrx_word' id='word_1_268' title='bbox 770 3758 798 3800; x_wconf 86' lang='lat' dir='ltr'><strong>et</strong></span> <span class='ocrx_word' id='word_1_269' title='bbox 807 3750 959 3800; x_wconf 84' lang='lat' dir='ltr'><strong>Diomedem</strong></span> <span class='ocrx_word' id='word_1_270' title='bbox 976 3757 1067 3799; x_wconf 77' lang='lat' dir='ltr'><strong>euntes</strong></span> <span class='ocrx_word' id='word_1_271' title='bbox 1086 3757 1115 3798; x_wconf 91' lang='lat' dir='ltr'><strong>ut</strong></span> <span class='ocrx_word' id='word_1_272' title='bbox 1134 3753 1219 3798; x_wconf 77' lang='lat' dir='ltr'><strong>cestre</strong></span> <span class='ocrx_word' id='word_1_273' title='bbox 1237 3745 1294 3797; x_wconf 80' lang='lat' dir='ltr'><strong>lior·</strong></span> 
     </span>
     <span class='ocr_line' id='line_1_36' title="bbox 205 3819 1294 3890; baseline 0.002 -19"><span class='ocrx_word' id='word_1_274' title='bbox 205 3829 307 3884; x_wconf 83' lang='lat' dir='ltr'><strong>queret</strong></span> <span class='ocrx_word' id='word_1_275' title='bbox 324 3833 412 3869; x_wconf 78' lang='lat' dir='ltr'><strong>currus</strong></span> <span class='ocrx_word' id='word_1_276' title='bbox 425 3819 552 3884; x_wconf 51' lang='lat' dir='ltr'><strong>Achillia</strong></span> <span class='ocrx_word' id='word_1_277' title='bbox 569 3838 656 3874; x_wconf 82' lang='lat' dir='ltr'><strong>rerum</strong></span> <span class='ocrx_word' id='word_1_278' title='bbox 672 3827 729 3890; x_wconf 79' lang='lat' dir='ltr'><strong>ipre</strong></span> <span class='ocrx_word' id='word_1_279' title='bbox 770 3828 833 3876; x_wconf 87' lang='lat' dir='ltr'><strong>tium</strong></span> <span class='ocrx_word' id='word_1_280' title='bbox 855 3825 1061 3890; x_wconf 70' lang='lat' dir='ltr'><strong>speculemur,</strong></span> <span class='ocrx_word' id='word_1_281' title='bbox 1087 3821 1187 3872; x_wconf 76' lang='lat' dir='ltr'><strong>obviem</strong></span> <span class='ocrx_word' id='word_1_282' title='bbox 1208 3819 1294 3887; x_wconf 69' lang='lat' dir='ltr'><strong>suetos</strong></span> 
     </span>
     <span class='ocr_line' id='line_1_37' title="bbox 204 3895 1295 3964; baseline 0.002 -19"><span class='ocrx_word' id='word_1_283' title='bbox 204 3896 291 3946; x_wconf 89' lang='lat' dir='ltr'><strong>Dolon</strong></span> <span class='ocrx_word' id='word_1_284' title='bbox 309 3903 399 3960; x_wconf 77' lang='lat' dir='ltr'><strong>poster</strong></span> <span class='ocrx_word' id='word_1_285' title='bbox 409 3895 441 3945; x_wconf 84' lang='lat' dir='ltr'><strong>ob</strong></span> <span class='ocrx_word' id='word_1_286' title='bbox 452 3897 545 3962; x_wconf 72' lang='lat' dir='ltr'><strong>Ulyme</strong></span> <span class='ocrx_word' id='word_1_287' title='bbox 556 3907 584 3950; x_wconf 87' lang='lat' dir='ltr'><strong>et</strong></span> <span class='ocrx_word' id='word_1_288' title='bbox 600 3901 729 3954; x_wconf 83' lang='lat' dir='ltr'><strong>Diomede</strong></span> <span class='ocrx_word' id='word_1_289' title='bbox 769 3902 876 3962; x_wconf 89' lang='lat' dir='ltr'><strong>Doloni,</strong></span> <span class='ocrx_word' id='word_1_290' title='bbox 884 3900 928 3964; x_wconf 88' lang='lat' dir='ltr'><strong>qut</strong></span> <span class='ocrx_word' id='word_1_291' title='bbox 937 3900 970 3949; x_wconf 79' lang='lat' dir='ltr'><strong>ud</strong></span> <span class='ocrx_word' id='word_1_292' title='bbox 981 3898 1132 3949; x_wconf 71' lang='lat' dir='ltr'><strong>Graeeorum</strong></span> <span class='ocrx_word' id='word_1_293' title='bbox 1142 3904 1295 3962; x_wconf 74' lang='lat' dir='ltr'><strong>cumspe-</strong></span> 
     </span>
     <span class='ocr_line' id='line_1_38' title="bbox 203 3970 1014 4034; baseline 0.006 -16"><span class='ocrx_word' id='word_1_294' title='bbox 203 3970 363 4034; x_wconf 79' lang='lat' dir='ltr'><strong>intereeptus</strong></span> <span class='ocrx_word' id='word_1_295' title='bbox 384 3972 508 4022; x_wconf 84' lang='lat' dir='ltr'><strong>mentitur</strong></span> <span class='ocrx_word' id='word_1_296' title='bbox 528 3973 634 4026; x_wconf 80' lang='lat' dir='ltr'><strong>AEuerm</strong></span> <span class='ocrx_word' id='word_1_297' title='bbox 656 3977 727 4028; x_wconf 90' lang='lat' dir='ltr'><strong>illum</strong></span> <span class='ocrx_word' id='word_1_298' title='bbox 768 3973 1014 4032; x_wconf 78' lang='lat' dir='ltr'><strong>culetorteudebrt.</strong></span> 
     </span>
     <span class='ocr_line' id='line_1_39' title="bbox 204 4044 1293 4113; baseline 0.005 -19"><span class='ocrx_word' id='word_1_299' title='bbox 204 4044 292 4094; x_wconf 83' lang='lat' dir='ltr'><strong>multis</strong></span> <span class='ocrx_word' id='word_1_300' title='bbox 302 4045 423 4108; x_wconf 80' lang='lat' dir='ltr'><strong>pollicitis</strong></span> <span class='ocrx_word' id='word_1_301' title='bbox 434 4046 574 4099; x_wconf 78' lang='lat' dir='ltr'><strong>induxisse.</strong></span> <span class='ocrx_word' id='word_1_302' title='bbox 799 4049 812 4085; x_wconf 80' lang='lat'><strong>¹¹</strong></span> <span class='ocrx_word' id='word_1_303' title='bbox 829 4052 925 4113; x_wconf 65' lang='lat' dir='ltr'><strong>cunm</strong></span> <span class='ocrx_word' id='word_1_304' title='bbox 936 4053 978 4112; x_wconf 78' lang='lat' dir='ltr'><strong>qui</strong></span> <span class='ocrx_word' id='word_1_305' title='bbox 990 4047 1080 4098; x_wconf 76' lang='lat' dir='ltr'><strong>medius</strong></span> <span class='ocrx_word' id='word_1_306' title='bbox 1089 4049 1152 4098; x_wconf 74' lang='lat' dir='ltr'><strong>inter</strong></span> <span class='ocrx_word' id='word_1_307' title='bbox 1165 4048 1259 4109; x_wconf 66' lang='lat' dir='ltr'><strong>Mu</strong></span> <span class='ocrx_word' id='word_1_308' title='bbox 1268 4055 1293 4099; x_wconf 84' lang='lat' dir='ltr'><strong>et</strong></span> 
     </span>
     <span class='ocr_line' id='line_1_40' title="bbox 236 4117 1294 4190; baseline 0.003 -21"><span class='ocrx_word' id='word_1_309' title='bbox 236 4117 611 4190; x_wconf 64' lang='lat' dir='ltr'><strong>lAuiumistrumroguoreunti]</strong></span> <span class='ocrx_word' id='word_1_310' title='bbox 624 4123 726 4190; x_wconf 74' lang='lat' dir='ltr'><strong>ignaru.</strong></span> <span class='ocrx_word' id='word_1_311' title='bbox 766 4125 850 4188; x_wconf 76' lang='lat' dir='ltr'><strong>nourr]</strong></span> <span class='ocrx_word' id='word_1_312' title='bbox 867 4125 910 4174; x_wconf 87' lang='lat' dir='ltr'><strong>De</strong></span> <span class='ocrx_word' id='word_1_313' title='bbox 927 4136 1018 4186; x_wconf 82' lang='lat' dir='ltr'><strong>cumpo</strong></span> <span class='ocrx_word' id='word_1_314' title='bbox 1036 4123 1081 4186; x_wconf 89' lang='lat' dir='ltr'><strong>qui</strong></span> <span class='ocrx_word' id='word_1_315' title='bbox 1097 4137 1113 4170; x_wconf 79' lang='lat' dir='ltr'><strong>u</strong></span> <span class='ocrx_word' id='word_1_316' title='bbox 1123 4121 1201 4184; x_wconf 76' lang='lat' dir='ltr'><strong>&#39;l&#39;roju</strong></span> <span class='ocrx_word' id='word_1_317' title='bbox 1213 4137 1294 4186; x_wconf 71' lang='lat' dir='ltr'><strong>utrque</strong></span> 
     </span>
     <span class='ocr_line' id='line_1_41' title="bbox 205 4193 1292 4270; baseline -0.006 -16"><span class='ocrx_word' id='word_1_318' title='bbox 205 4194 238 4247; x_wconf 73' lang='lat' dir='ltr'><strong>ld</strong></span> <span class='ocrx_word' id='word_1_319' title='bbox 250 4204 298 4253; x_wconf 82' lang='lat' dir='ltr'><strong>eet,</strong></span> <span class='ocrx_word' id='word_1_320' title='bbox 310 4197 408 4261; x_wconf 67' lang='lat' dir='ltr'><strong>ignota,</strong></span> <span class='ocrx_word' id='word_1_321' title='bbox 418 4197 544 4264; x_wconf 73' lang='lat' dir='ltr'><strong>ignorum.</strong></span> <span class='ocrx_word' id='word_1_322' title='bbox 572 4199 614 4270; x_wconf 70' lang='lat' dir='ltr'><strong>ltu</strong></span> <span class='ocrx_word' id='word_1_323' title='bbox 624 4201 728 4254; x_wconf 72' lang='lat' dir='ltr'><strong>Sallust.</strong></span> <span class='ocrx_word' id='word_1_324' title='bbox 768 4202 800 4253; x_wconf 82' lang='lat' dir='ltr'><strong>ud</strong></span> <span class='ocrx_word' id='word_1_325' title='bbox 813 4201 948 4252; x_wconf 79' lang='lat' dir='ltr'><strong>stationem</strong></span> <span class='ocrx_word' id='word_1_326' title='bbox 959 4197 1062 4248; x_wconf 76' lang='lat' dir='ltr'><strong>utrium</strong></span> <span class='ocrx_word' id='word_1_327' title='bbox 1073 4193 1197 4260; x_wconf 59' lang='lat' dir='ltr'><strong>suintune</strong></span> <span class='ocrx_word' id='word_1_328' title='bbox 1205 4197 1292 4248; x_wconf 80' lang='lat' dir='ltr'><strong>strab.</strong></span> 
     </span>
    </p>
   </div>
   <div class='ocr_carea' id='block_1_8' title="bbox 0 0 1484 4875">
    <p class='ocr_par' dir='ltr' id='par_1_8' title="bbox 0 0 1484 4875">
     <span class='ocr_line' id='line_1_42' title="bbox 0 0 1484 4875; baseline 0 2"><span class='ocrx_word' id='word_1_329' title='bbox 0 0 1484 4875; x_wconf 95' lang='lat' dir='ltr'><strong> </strong></span> 
     </span>
    </p>
   </div>
  </div>
 </body>
</html>
