2959 4875
558 345 676 397 ΒΗΜΛ
700 345 850 398 ΤΙΟΙῦΑ.
1203 341 1245 405 91

153 501 303 557 suaserat
318 490 634 570 Laocoon-Priami
655 497 743 577 ragis
764 518 806 563 ex
820 498 968 567 Hecuba
982 500 1071 566 filius
1086 509 1121 566 et
1139 500 1246 588 Apol-

155 595 230 657 linis
250 593 444 677 ‘l’hymbraei
463 593 642 674 sacerdos;
662 596 861 681 hastamque
884 600 918 663 iu
945 618 1021 663 eum
1046 601 1246 670 vibraverat.

157 696 281 761 Verum
291 716 359 779 qno
372 696 519 761 facinora
530 696 704 776 Mineruae,
719 699 846 783 atejus
860 699 943 777 doni
959 701 1111 779 violator,
1125 721 1246 785 provo-

158 798 246 861 cavit
259 798 362 876 iram3
384 814 461 879 quse
482 792 571 861 duos
593 796 765 863 immensae
787 798 1022 881 magnitudinis
1043 809 1246 884 serpentess

157 896 310 962 fluctibus
318 917 474 975 evocans,
489 896 728 983 arripientem
737 906 771 967 et
784 900 1032 985 Thymbraeum,
1043 901 1246 969 Laocoontis

158 997 254 1075 filios,
266 1017 349 1062 mox
361 989 517 1081 etipsuun
537 1000 665 1068 auxilio
682 1000 970 1078 accurrentam,iis
985 1002 1128 1065 necavit.
1151 1001 1246 1085 Virg.

158 1115 199 1162 ιι.
215 1100 291 1163 AEn.
312 1099 390 1163 212.
411 1098 603 1173 Petronius,
627 1098 771 1185 Satyrlc.
794 1098 848 1168 le.
872 1100 1018 1185 donique
1041 1100 1246 1184 Smyrnaens,

156 1198 190 1260 in
216 1200 333 1263 multis
357 1200 575 1283 discrepans3
597 1200 702 1269 veluti
723 1205 757 1267 ot
787 1200 954 1285 Hyginum
979 1200 1038 1283 qui
1061 1200 1135 1266 135.
1161 1201 1246 1266 Fab.

156 1300 283 1363 mavult
306 1300 495 1382 Apollinem
524 1310 693 1383 serpentes
714 1321 734 1367 a
756 1301 840 1373 mari
862 1302 1090 1381 summisisse;
1126 1304 1246 1367 iratum

157 1420 287 1483 nempe,
300 1400 390 1483 quod
412 1399 570 1464 Laocoon
590 1401 749 1465 sacerdos
767 1419 910 1465 uxorem
925 1401 1090 1480 duxisset,
1105 1403 1246 1467 liberos-

157 1519 220 1583 quc
234 1521 280 1565 ex
295 1519 338 1565 ea
348 1505 574 1583 procreasset.

198 1599 350 1664 Statuam
369 1599 455 1663 hanc
468 1598 637 1683 depictam
652 1600 772 1665 dedere
787 1600 954 1677 Peresius,
969 1602 1133 1678 Dalenus,
1148 1600 1247 1686 Epis-

157 1702 287 1784 copius,
303 1700 525 1778 Audrautius,
540 1706 575 1771 et
588 1706 666 1771 aute
685 1721 745 1767 eos
768 1700 873 1767 Marc.
896 1700 1091 1783 Ravennae,
1108 1700 1247 1771 Mariis-

157 1821 230 1878 nus,
255 1799 451 1885 plurimique
472 1800 565 1865 Itali.
610 1802 767 1869 Meminit
788 1802 863 1885 ejus
888 1804 961 1885 ipse
986 1802 1074 1867 Plin.
1096 1804 1145 1869 Η.
1161 1802 1244 1867 Nat.

159 1919 297 1967 xxxvl.
312 1905 346 1967 5.
367 1900 570 1981 ιΙιιοοοιιιι,’
587 1903 708 1987 inquit,
729 1903 811 1987 ‘qui
827 1911 879 1971 ost
893 1905 927 1967 iu
948 1904 1019 1973 Titi
1041 1906 1247 1988 imperatoris

158 2004 267 2081 domo,
280 2022 370 2087 opus
392 2006 547 2068 omuibus
567 2012 603 2068 et
622 2004 765 2088 pictura
791 2009 825 2069 ct
847 2006 1018 2069 statuariae
1033 2007 1113 2070 artis
1127 2004 1247 2088 praeie-

161 2106 305 2170 reudum.
360 2104 414 2169 Ex
436 2124 503 2169 uno
524 2105 637 2188 lapide
657 2124 747 2183 eum,
774 2112 810 2171 et
834 2105 970 2185 liberos,
996 2105 1247 2189 draconumque

160 2206 327 2271 mirabiles
339 2226 457 2284 nexus,
469 2207 511 2272 de
521 2207 654 2271 consilii
667 2208 830 2273 sententia
842 2208 948 2271 iecere
963 2208 1083 2273 summi
1091 2208 1246 2283 artifices,

160 2306 404 2389 Agesander,et
415 2307 663 2393 Polydorusst
679 2306 930 2383 Athenodorus,
943 2305 1090 2371 Rhouu:
1133 2303 1247 2384 Quare

23 2426 27 2431 ’
162 2414 193 2475 et
205 2408 302 2474 hodie
314 2428 429 2486 eam,e
443 2428 603 2475 marmore
617 2410 751 2494 quidem
763 2407 1013 2487 candidissimo,
1026 2406 1124 2473 anxie
1136 2412 1248 2472 serrat

162 2816 227 2897 git:

161 2510 332 2576 Pontificis
347 2510 493 2575 Maximi
508 2509 709 2578 Vaticanum
722 2512 926 2577 viridarium.

201 2611 308 2677 Recte
320 2618 430 2676 antem
444 2613 591 2695 Begerna
600 2613 665 2677 hoc
676 2619 926 2677 monumentum
942 2609 1093 2674 Maronis
1107 2625 1247 2673 exorna·

162 2713 373 2791 ritcarmiue,
399 2713 488 2797 quod
508 2712 676 2779 funestum
698 2713 905 2780 Laocoontis
926 2731 1043 2777 casum
1066 2709 1116 2774 sic
1130 2707 1247 2791 depin-

727 2897 872 2981 Agmiue
887 2903 981 2964 certo

243 3002 438 3068 Laocomta
451 3005 580 3083 petunt,
593 3005 626 3064 et
637 2989 781 3082 primurn
795 3019 901 3083 parva
915 2999 1052 3064 duorum

245 3104 395 3188 Corpora
409 3111 562 3176 natorum
575 3120 713 3184 serpens
723 3101 899 3184 ampiexus
910 3105 1047 3182 uterque

246 3207 414 3290 implicat,
427 3211 464 3267 et
476 3203 616 3266 miserus
630 3218 742 3266 morsu
756 3202 947 3284 depascitur
961 3205 1063 3263 artus.

244 3305 329 3370 Post
342 3307 452 3388 ipsum
468 3302 596 3366 auxilio
610 3303 808 3366 subeuntem
830 3319 871 3364 ac
885 3300 955 3363 tela
966 3300 1124 3364 ferentem

244 3406 446 3488 Corripiuut,
459 3403 626 3486 spirisque
639 3402 746 3484 ligant
759 3400 971 3484 ingentibus:
993 3400 1106 3484 etjam

208 3492 215 3500 ⁵
245 3507 306 3571 Bis
319 3505 465 3569 medium
480 3503 637 3586 amplexi,
651 3503 705 3566 bis
720 3502 809 3567 collo
819 3519 977 3585 squamea
993 3501 1119 3568 circum

242 3607 350 3691 Targa
362 3607 446 3682 dati,
461 3609 616 3692 superant
631 3604 741 3697 capite
756 3608 789 3668 ct
803 3603 989 3668 cervicibus
1004 3602 1091 3699 altis.

246 3709 309 3775 Ille
327 3706 429 3772 simul
443 3705 598 3772 manibus
611 3704 717 3769 tendit
730 3702 884 3772 divellere
898 3702 1019 3782 nodos,

243 3809 403 3874 Perfusus
416 3806 508 3870 sanie
522 3805 625 3869 vittas
636 3810 775 3887 auoque
790 3821 929 3868 veneno.

244 3910 416 3976 Clamores
431 3906 531 3972 simul
545 3905 726 3972 horrendos
740 3905 785 3970 ad
800 3906 909 3970 sidera
918 3905 1014 3970 tollit.
