<?xml version="1.0" encoding="UTF-8"?>
<!DOCTYPE html PUBLIC "-//W3C//DTD XHTML 1.0 Transitional//EN"
    "http://www.w3.org/TR/xhtml1/DTD/xhtml1-transitional.dtd">
<html xmlns="http://www.w3.org/1999/xhtml" xml:lang="en" lang="en">
 <head>
  <title>
</title>
<meta http-equiv="Content-Type" content="text/html;charset=utf-8" />
  <meta name='ocr-system' content='tesseract 3.04.00' />
  <meta name='ocr-capabilities' content='ocr_page ocr_carea ocr_par ocr_line ocrx_word'/>
</head>
<body>
  <div class='ocr_page' id='page_1' title='image "./dictyscretensis00josegoog/dictyscretensis00josegoog_0371.png"; bbox 0 0 2959 4875; ppageno 0'>
   <div class='ocr_carea' id='block_1_1' title="bbox 632 341 846 394">
    <p class='ocr_par' dir='ltr' id='par_1_1' title="bbox 632 341 846 394">
     <span class='ocr_line' id='line_1_1' title="bbox 632 341 846 394; baseline -0.023 0"><span class='ocrx_word' id='word_1_1' title='bbox 632 341 846 394; x_wconf 71' lang='lat' dir='ltr'><strong>sarsum.</strong></span> 
     </span>
    </p>
   </div>
   <div class='ocr_carea' id='block_1_2' title="bbox 422 720 1133 815">
    <p class='ocr_par' dir='ltr' id='par_1_2' title="bbox 422 720 1133 815">
     <span class='ocr_line' id='line_1_2' title="bbox 422 720 1133 815; baseline 0.013 -19"><span class='ocrx_word' id='word_1_2' title='bbox 422 720 703 801; x_wconf 68' lang='lat' dir='ltr'><strong>Pescasws</strong></span> <span class='ocrx_word' id='word_1_3' title='bbox 743 721 1060 815; x_wconf 67' lang='lat' dir='ltr'><strong>Guosruuus,</strong></span> <span class='ocrx_word' id='word_1_4' title='bbox 1120 732 1133 757; x_wconf 89' lang='grc'><em>“</em></span> 
     </span>
    </p>
   </div>
   <div class='ocr_carea' id='block_1_3' title="bbox 606 968 870 1021">
    <p class='ocr_par' dir='ltr' id='par_1_3' title="bbox 606 968 870 1021">
     <span class='ocr_line' id='line_1_3' title="bbox 606 968 870 1021; baseline 0.019 -4"><span class='ocrx_word' id='word_1_5' title='bbox 606 968 703 1021; x_wconf 81' lang='lat' dir='ltr'>VERO</span> <span class='ocrx_word' id='word_1_6' title='bbox 720 968 870 1021; x_wconf 69' lang='lat' dir='ltr'><strong>souma</strong></span> 
     </span>
    </p>
   </div>
   <div class='ocr_carea' id='block_1_4' title="bbox 329 1164 1159 1282">
    <p class='ocr_par' dir='ltr' id='par_1_4' title="bbox 329 1164 1159 1282">
     <span class='ocr_line' id='line_1_4' title="bbox 329 1164 1159 1282; baseline 0.005 -25"><span class='ocrx_word' id='word_1_7' title='bbox 329 1164 651 1259; x_wconf 85' lang='lat' dir='ltr'>GASPAR</span> <span class='ocrx_word' id='word_1_8' title='bbox 716 1167 1159 1282; x_wconf 58' lang='lat' dir='ltr'>SCIOPPIU&amp;</span> 
     </span>
    </p>
   </div>
   <div class='ocr_carea' id='block_1_5' title="bbox 325 1430 1164 1514">
    <p class='ocr_par' dir='ltr' id='par_1_5' title="bbox 325 1430 1164 1514">
     <span class='ocr_line' id='line_1_5' title="bbox 325 1430 1164 1514; baseline 0.012 -25"><span class='ocrx_word' id='word_1_9' title='bbox 325 1430 369 1489; x_wconf 82' lang='grc' dir='ltr'><strong>ΙΝ</strong></span> <span class='ocrx_word' id='word_1_10' title='bbox 390 1431 625 1495; x_wconf 80' lang='lat' dir='ltr'>PARADOXIS</span> <span class='ocrx_word' id='word_1_11' title='bbox 648 1436 889 1514; x_wconf 63' lang='lat' dir='ltr'><strong>laeetana,</strong></span> <span class='ocrx_word' id='word_1_12' title='bbox 911 1439 1105 1499; x_wconf 77' lang='lat' dir='ltr'><strong>EPlSTOLA</strong></span> <span class='ocrx_word' id='word_1_13' title='bbox 1126 1440 1164 1499; x_wconf 85' lang='lat' dir='ltr'><strong>V.</strong></span> 
     </span>
    </p>
   </div>
   <div class='ocr_carea' id='block_1_6' title="bbox 102 1908 1379 4240">
    <p class='ocr_par' dir='ltr' id='par_1_6' title="bbox 102 1908 1379 4240">
     <span class='ocr_line' id='line_1_6' title="bbox 195 1908 1284 2000; baseline 0.005 -27"><span class='ocrx_word' id='word_1_14' title='bbox 195 1908 298 1975; x_wconf 75' lang='lat' dir='ltr'><strong>urso</strong></span> <span class='ocrx_word' id='word_1_15' title='bbox 320 1931 422 1994; x_wconf 89' lang='lat' dir='ltr'><strong>porro</strong></span> <span class='ocrx_word' id='word_1_16' title='bbox 445 1912 590 1996; x_wconf 85' lang='lat' dir='ltr'><strong>judicari</strong></span> <span class='ocrx_word' id='word_1_17' title='bbox 614 1920 735 1997; x_wconf 88' lang='lat' dir='ltr'><strong>potest,</strong></span> <span class='ocrx_word' id='word_1_18' title='bbox 758 1915 856 2000; x_wconf 84' lang='lat' dir='ltr'><strong>cujus</strong></span> <span class='ocrx_word' id='word_1_19' title='bbox 877 1923 963 1982; x_wconf 75' lang='lat' dir='ltr'><strong>nota</strong></span> <span class='ocrx_word' id='word_1_20' title='bbox 987 1915 1103 1983; x_wconf 79' lang='lat' dir='ltr'><strong>critici</strong></span> <span class='ocrx_word' id='word_1_21' title='bbox 1126 1917 1205 1993; x_wconf 87' lang='lat' dir='ltr'><strong>sint,</strong></span> <span class='ocrx_word' id='word_1_22' title='bbox 1226 1916 1284 1998; x_wconf 88' lang='lat' dir='ltr'><strong>qui</strong></span> 
     </span>
     <span class='ocr_line' id='line_1_7' title="bbox 193 2008 1285 2102; baseline 0.005 -27"><span class='ocrx_word' id='word_1_23' title='bbox 193 2008 365 2079; x_wconf 78' lang='lat' dir='ltr'><strong>historiam</strong></span> <span class='ocrx_word' id='word_1_24' title='bbox 388 2014 477 2081; x_wconf 90' lang='lat' dir='ltr'><strong>Belli</strong></span> <span class='ocrx_word' id='word_1_25' title='bbox 496 2014 646 2100; x_wconf 82' lang='lat' dir='ltr'><strong>Trojaui,</strong></span> <span class='ocrx_word' id='word_1_26' title='bbox 667 2037 744 2101; x_wconf 75' lang='lat' dir='ltr'><strong>quae</strong></span> <span class='ocrx_word' id='word_1_27' title='bbox 765 2018 900 2084; x_wconf 82' lang='lat' dir='ltr'><strong>Daretis</strong></span> <span class='ocrx_word' id='word_1_28' title='bbox 914 2018 1052 2102; x_wconf 78' lang='lat' dir='ltr'><strong>Phrygii</strong></span> <span class='ocrx_word' id='word_1_29' title='bbox 1066 2036 1186 2083; x_wconf 88' lang='lat' dir='ltr'><strong>nomen</strong></span> <span class='ocrx_word' id='word_1_30' title='bbox 1199 2036 1285 2101; x_wconf 78' lang='lat' dir='ltr'><strong>pra)-</strong></span> 
     </span>
     <span class='ocr_line' id='line_1_8' title="bbox 192 2115 1286 2202; baseline 0.005 -23"><span class='ocrx_word' id='word_1_31' title='bbox 192 2115 267 2196; x_wconf 85' lang='lat' dir='ltr'><strong>tert,</strong></span> <span class='ocrx_word' id='word_1_32' title='bbox 283 2136 305 2183; x_wconf 89' lang='lat' dir='ltr'><strong>a</strong></span> <span class='ocrx_word' id='word_1_33' title='bbox 318 2116 474 2183; x_wconf 83' lang='lat' dir='ltr'><strong>Cornelio</strong></span> <span class='ocrx_word' id='word_1_34' title='bbox 488 2116 627 2202; x_wconf 79' lang='lat' dir='ltr'><strong>Nepote</strong></span> <span class='ocrx_word' id='word_1_35' title='bbox 643 2120 767 2184; x_wconf 84' lang='lat' dir='ltr'><strong>Latine</strong></span> <span class='ocrx_word' id='word_1_36' title='bbox 777 2139 976 2186; x_wconf 76' lang='lat' dir='ltr'><strong>conversam</strong></span> <span class='ocrx_word' id='word_1_37' title='bbox 991 2138 1165 2185; x_wconf 77' lang='lat' dir='ltr'><strong>censeam.</strong></span> <span class='ocrx_word' id='word_1_38' title='bbox 1208 2118 1286 2184; x_wconf 79' lang='lat' dir='ltr'><strong>lile·</strong></span> 
     </span>
     <span class='ocr_line' id='line_1_9' title="bbox 192 2218 1286 2303; baseline 0.001 -20"><span class='ocrx_word' id='word_1_39' title='bbox 192 2218 304 2300; x_wconf 73' lang='lat' dir='ltr'><strong>gantia</strong></span> <span class='ocrx_word' id='word_1_40' title='bbox 316 2218 402 2303; x_wconf 86' lang='lat' dir='ltr'><strong>Styli</strong></span> <span class='ocrx_word' id='word_1_41' title='bbox 416 2218 536 2285; x_wconf 89' lang='lat' dir='ltr'><strong>ductos</strong></span> <span class='ocrx_word' id='word_1_42' title='bbox 550 2220 585 2286; x_wconf 89' lang='lat' dir='ltr'><strong>id</strong></span> <span class='ocrx_word' id='word_1_43' title='bbox 600 2221 720 2287; x_wconf 83' lang='lat' dir='ltr'><strong>fecisse</strong></span> <span class='ocrx_word' id='word_1_44' title='bbox 732 2221 906 2289; x_wconf 75' lang='lat' dir='ltr'><strong>lohannes</strong></span> <span class='ocrx_word' id='word_1_45' title='bbox 921 2222 1063 2301; x_wconf 84' lang='lat' dir='ltr'><strong>Savare,</strong></span> <span class='ocrx_word' id='word_1_46' title='bbox 1085 2220 1188 2287; x_wconf 82' lang='lat' dir='ltr'><strong>homo</strong></span> <span class='ocrx_word' id='word_1_47' title='bbox 1202 2218 1286 2285; x_wconf 80' lang='lat' dir='ltr'><strong>Gal·</strong></span> 
     </span>
     <span class='ocr_line' id='line_1_10' title="bbox 192 2318 1286 2409; baseline 0.002 -26"><span class='ocrx_word' id='word_1_48' title='bbox 192 2318 256 2398; x_wconf 90' lang='lat' dir='ltr'><strong>lus,</strong></span> <span class='ocrx_word' id='word_1_49' title='bbox 273 2319 415 2405; x_wconf 79' lang='lat' dir='ltr'><strong>judicat.</strong></span> <span class='ocrx_word' id='word_1_50' title='bbox 461 2322 565 2389; x_wconf 87' lang='lat' dir='ltr'><strong>Haud</strong></span> <span class='ocrx_word' id='word_1_51' title='bbox 589 2323 660 2389; x_wconf 84' lang='lat' dir='ltr'><strong>vidi</strong></span> <span class='ocrx_word' id='word_1_52' title='bbox 680 2325 808 2408; x_wconf 81' lang='lat' dir='ltr'><strong>magis:</strong></span> <span class='ocrx_word' id='word_1_53' title='bbox 830 2342 908 2391; x_wconf 88' lang='lat' dir='ltr'><strong>cnm</strong></span> <span class='ocrx_word' id='word_1_54' title='bbox 929 2324 988 2409; x_wconf 77' lang='lat' dir='ltr'><strong>qni</strong></span> <span class='ocrx_word' id='word_1_55' title='bbox 1008 2322 1064 2390; x_wconf 85' lang='lat' dir='ltr'><strong>vel</strong></span> <span class='ocrx_word' id='word_1_56' title='bbox 1085 2320 1286 2407; x_wconf 84' lang='lat' dir='ltr'><strong>primoribus</strong></span> 
     </span>
     <span class='ocr_line' id='line_1_11' title="bbox 190 2420 1287 2509; baseline 0.003 -24"><span class='ocrx_word' id='word_1_57' title='bbox 190 2420 295 2488; x_wconf 85' lang='lat' dir='ltr'><strong>labris</strong></span> <span class='ocrx_word' id='word_1_58' title='bbox 324 2423 428 2490; x_wconf 88' lang='lat' dir='ltr'><strong>bonos</strong></span> <span class='ocrx_word' id='word_1_59' title='bbox 456 2422 654 2492; x_wconf 76' lang='lat' dir='ltr'><strong>Latinitatis</strong></span> <span class='ocrx_word' id='word_1_60' title='bbox 684 2439 841 2494; x_wconf 76' lang='lat' dir='ltr'><strong>auctores</strong></span> <span class='ocrx_word' id='word_1_61' title='bbox 866 2425 991 2509; x_wconf 75' lang='lat' dir='ltr'><strong>attigit,</strong></span> <span class='ocrx_word' id='word_1_62' title='bbox 1021 2423 1194 2493; x_wconf 68' lang='lat' dir='ltr'><strong>hmtoriam</strong></span> <span class='ocrx_word' id='word_1_63' title='bbox 1217 2427 1287 2488; x_wconf 78' lang='lat' dir='ltr'><strong>aa</strong></span> 
     </span>
     <span class='ocr_line' id='line_1_12' title="bbox 191 2523 1287 2611; baseline 0 -23"><span class='ocrx_word' id='word_1_64' title='bbox 191 2523 388 2592; x_wconf 77' lang='lat' dir='ltr'><strong>lutulentam</strong></span> <span class='ocrx_word' id='word_1_65' title='bbox 401 2545 467 2592; x_wconf 83' lang='lat' dir='ltr'><strong>non</strong></span> <span class='ocrx_word' id='word_1_66' title='bbox 488 2529 556 2594; x_wconf 88' lang='lat' dir='ltr'><strong>uisi</strong></span> <span class='ocrx_word' id='word_1_67' title='bbox 571 2529 616 2593; x_wconf 88' lang='lat' dir='ltr'><strong>ab</strong></span> <span class='ocrx_word' id='word_1_68' title='bbox 628 2528 761 2594; x_wconf 89' lang='lat' dir='ltr'><strong>homine</strong></span> <span class='ocrx_word' id='word_1_69' title='bbox 780 2527 1024 2605; x_wconf 72' lang='lat' dir='ltr'><strong>moestissimo,</strong></span> <span class='ocrx_word' id='word_1_70' title='bbox 1043 2527 1102 2611; x_wconf 83' lang='lat' dir='ltr'><strong>qui</strong></span> <span class='ocrx_word' id='word_1_71' title='bbox 1115 2543 1179 2591; x_wconf 86' lang='lat' dir='ltr'><strong>nec</strong></span> <span class='ocrx_word' id='word_1_72' title='bbox 1189 2524 1287 2589; x_wconf 91' lang='lat' dir='ltr'><strong>mini·</strong></span> 
     </span>
     <span class='ocr_line' id='line_1_13' title="bbox 192 2625 1286 2714; baseline 0 -24"><span class='ocrx_word' id='word_1_73' title='bbox 192 2643 284 2691; x_wconf 88' lang='lat' dir='ltr'><strong>mum</strong></span> <span class='ocrx_word' id='word_1_74' title='bbox 297 2626 409 2694; x_wconf 71' lang='lat' dir='ltr'><strong>latini</strong></span> <span class='ocrx_word' id='word_1_75' title='bbox 424 2627 588 2704; x_wconf 78' lang='lat' dir='ltr'><strong>sermome</strong></span> <span class='ocrx_word' id='word_1_76' title='bbox 603 2635 737 2711; x_wconf 74' lang='lat' dir='ltr'><strong>gustum</strong></span> <span class='ocrx_word' id='word_1_77' title='bbox 750 2648 898 2714; x_wconf 85' lang='lat' dir='ltr'><strong>unquam</strong></span> <span class='ocrx_word' id='word_1_78' title='bbox 917 2628 1076 2706; x_wconf 71' lang='lat' dir='ltr'><strong>nauseet,</strong></span> <span class='ocrx_word' id='word_1_79' title='bbox 1099 2625 1204 2692; x_wconf 64' lang='lat' dir='ltr'><strong>sembi</strong></span> <span class='ocrx_word' id='word_1_80' title='bbox 1224 2643 1286 2710; x_wconf 88' lang='lat' dir='ltr'><strong>po-</strong></span> 
     </span>
     <span class='ocr_line' id='line_1_14' title="bbox 192 2726 1286 2814; baseline -0.002 -23"><span class='ocrx_word' id='word_1_81' title='bbox 192 2726 297 2793; x_wconf 89' lang='lat' dir='ltr'><strong>tuisse</strong></span> <span class='ocrx_word' id='word_1_82' title='bbox 326 2730 442 2794; x_wconf 84' lang='lat' dir='ltr'><strong>statim</strong></span> <span class='ocrx_word' id='word_1_83' title='bbox 471 2733 655 2814; x_wconf 80' lang='lat' dir='ltr'><strong>agnoscat:</strong></span> <span class='ocrx_word' id='word_1_84' title='bbox 691 2729 742 2794; x_wconf 88' lang='lat' dir='ltr'><strong>ita</strong></span> <span class='ocrx_word' id='word_1_85' title='bbox 769 2727 805 2792; x_wconf 92' lang='lat' dir='ltr'><strong>in</strong></span> <span class='ocrx_word' id='word_1_86' title='bbox 829 2727 984 2792; x_wconf 87' lang='lat' dir='ltr'><strong>omnibns</strong></span> <span class='ocrx_word' id='word_1_87' title='bbox 1011 2726 1156 2812; x_wconf 75' lang='lat' dir='ltr'><strong>pagellis</strong></span> <span class='ocrx_word' id='word_1_88' title='bbox 1181 2745 1224 2789; x_wconf 86' lang='lat' dir='ltr'><strong>ea</strong></span> <span class='ocrx_word' id='word_1_89' title='bbox 1247 2745 1286 2789; x_wconf 90' lang='lat' dir='ltr'><strong>se</strong></span> 
     </span>
     <span class='ocr_line' id='line_1_15' title="bbox 191 2815 1366 2916; baseline -0.002 -23"><span class='ocrx_word' id='word_1_90' title='bbox 191 2827 346 2910; x_wconf 78' lang='lat' dir='ltr'><strong>efferum,</strong></span> <span class='ocrx_word' id='word_1_91' title='bbox 362 2851 438 2916; x_wconf 76' lang='lat' dir='ltr'><strong>que</strong></span> <span class='ocrx_word' id='word_1_92' title='bbox 451 2837 508 2895; x_wconf 75' lang='grc' dir='ltr'><strong>τῶν</strong></span> <span class='ocrx_word' id='word_1_93' title='bbox 522 2831 663 2911; x_wconf 66' lang='lat' dir='ltr'><strong>receptes</strong></span> <span class='ocrx_word' id='word_1_94' title='bbox 676 2832 828 2897; x_wconf 63' lang='lat' dir='ltr'><strong>clauum</strong></span> <span class='ocrx_word' id='word_1_95' title='bbox 839 2829 1013 2914; x_wconf 76' lang='lat' dir='ltr'><strong>resipiant,</strong></span> <span class='ocrx_word' id='word_1_96' title='bbox 1036 2835 1093 2894; x_wconf 88' lang='lat' dir='ltr'><strong>aut</strong></span> <span class='ocrx_word' id='word_1_97' title='bbox 1106 2826 1286 2893; x_wconf 63' lang='lat' dir='ltr'><strong>Mtuario-</strong></span> <span class='ocrx_word' id='word_1_98' title='bbox 1359 2815 1366 2828; x_wconf 82' lang='lat'>&#39;</span> 
     </span>
     <span class='ocr_line' id='line_1_16' title="bbox 190 2929 1287 3019; baseline -0.003 -21"><span class='ocrx_word' id='word_1_99' title='bbox 190 2949 265 2998; x_wconf 90' lang='lat' dir='ltr'><strong>rum</strong></span> <span class='ocrx_word' id='word_1_100' title='bbox 279 2932 449 3002; x_wconf 82' lang='lat' dir='ltr'><strong>naucellae</strong></span> <span class='ocrx_word' id='word_1_101' title='bbox 463 2953 571 3019; x_wconf 82' lang='lat' dir='ltr'><strong>nuper</strong></span> <span class='ocrx_word' id='word_1_102' title='bbox 584 2933 765 3002; x_wconf 81' lang='lat' dir='ltr'><strong>admodum</strong></span> <span class='ocrx_word' id='word_1_103' title='bbox 778 2931 952 3016; x_wconf 75' lang='lat' dir='ltr'><strong>refregisse</strong></span> <span class='ocrx_word' id='word_1_104' title='bbox 961 2931 1144 2997; x_wconf 75' lang='lat' dir='ltr'><strong>videmur.</strong></span> <span class='ocrx_word' id='word_1_105' title='bbox 1188 2929 1287 2995; x_wconf 81' lang='lat' dir='ltr'><strong>Faci-</strong></span> 
     </span>
     <span class='ocr_line' id='line_1_17' title="bbox 191 3032 1287 3120; baseline 0 -24"><span class='ocrx_word' id='word_1_106' title='bbox 191 3032 261 3100; x_wconf 85' lang='lat' dir='ltr'><strong>lius</strong></span> <span class='ocrx_word' id='word_1_107' title='bbox 275 3034 380 3101; x_wconf 90' lang='lat' dir='ltr'><strong>multo</strong></span> <span class='ocrx_word' id='word_1_108' title='bbox 391 3035 647 3120; x_wconf 83' lang='lat' dir='ltr'><strong>intelligentibus</strong></span> <span class='ocrx_word' id='word_1_109' title='bbox 661 3036 763 3102; x_wconf 85' lang='lat' dir='ltr'><strong>tidem</strong></span> <span class='ocrx_word' id='word_1_110' title='bbox 776 3033 948 3111; x_wconf 83' lang='lat' dir='ltr'><strong>fecissent,</strong></span> <span class='ocrx_word' id='word_1_111' title='bbox 969 3034 1000 3099; x_wconf 89' lang='lat' dir='ltr'><strong>si</strong></span> <span class='ocrx_word' id='word_1_112' title='bbox 1019 3033 1193 3098; x_wconf 68' lang='lat' dir='ltr'><strong>hutonem</strong></span> <span class='ocrx_word' id='word_1_113' title='bbox 1207 3034 1287 3097; x_wconf 87' lang='lat' dir='ltr'><strong>alte·</strong></span> 
     </span>
     <span class='ocr_line' id='line_1_18' title="bbox 192 3133 1287 3221; baseline 0 -21"><span class='ocrx_word' id='word_1_114' title='bbox 192 3154 275 3215; x_wconf 82' lang='lat' dir='ltr'><strong>ram,</strong></span> <span class='ocrx_word' id='word_1_115' title='bbox 287 3135 384 3220; x_wconf 84' lang='lat' dir='ltr'><strong>cnjus</strong></span> <span class='ocrx_word' id='word_1_116' title='bbox 399 3137 522 3221; x_wconf 81' lang='lat' dir='ltr'><strong>Dictys</strong></span> <span class='ocrx_word' id='word_1_117' title='bbox 534 3135 707 3203; x_wconf 84' lang='lat' dir='ltr'><strong>Cretensis</strong></span> <span class='ocrx_word' id='word_1_118' title='bbox 721 3142 839 3204; x_wconf 85' lang='lat' dir='ltr'><strong>auctor</strong></span> <span class='ocrx_word' id='word_1_119' title='bbox 852 3135 1054 3214; x_wconf 83' lang='lat' dir='ltr'><strong>inscribitur,</strong></span> <span class='ocrx_word' id='word_1_120' title='bbox 1064 3134 1109 3201; x_wconf 85' lang='lat' dir='ltr'><strong>arl</strong></span> <span class='ocrx_word' id='word_1_121' title='bbox 1119 3133 1287 3218; x_wconf 75' lang='lat' dir='ltr'><strong>Nepotem</strong></span> 
     </span>
     <span class='ocr_line' id='line_1_19' title="bbox 191 3235 1379 3326; baseline -0.003 -23"><span class='ocrx_word' id='word_1_122' title='bbox 191 3237 392 3318; x_wconf 86' lang='lat' dir='ltr'><strong>retulissent,</strong></span> <span class='ocrx_word' id='word_1_123' title='bbox 407 3240 534 3326; x_wconf 84' lang='lat' dir='ltr'><strong>quippe</strong></span> <span class='ocrx_word' id='word_1_124' title='bbox 550 3239 594 3305; x_wconf 85' lang='lat' dir='ltr'><strong>arl</strong></span> <span class='ocrx_word' id='word_1_125' title='bbox 608 3241 707 3326; x_wconf 87' lang='lat' dir='ltr'><strong>cnjus</strong></span> <span class='ocrx_word' id='word_1_126' title='bbox 718 3240 798 3325; x_wconf 74' lang='lat' dir='ltr'><strong>styli</strong></span> <span class='ocrx_word' id='word_1_127' title='bbox 806 3237 1058 3305; x_wconf 83' lang='lat' dir='ltr'><strong>similitudinem</strong></span> <span class='ocrx_word' id='word_1_128' title='bbox 1066 3235 1286 3319; x_wconf 85' lang='lat' dir='ltr'><strong>illaproxime</strong></span> <span class='ocrx_word' id='word_1_129' title='bbox 1369 3299 1379 3318; x_wconf 65' lang='lat'>‚</span> 
     </span>
     <span class='ocr_line' id='line_1_20' title="bbox 191 3336 1286 3420; baseline -0.002 -16"><span class='ocrx_word' id='word_1_130' title='bbox 191 3339 335 3420; x_wconf 84' lang='lat' dir='ltr'><strong>aceedit,</strong></span> <span class='ocrx_word' id='word_1_131' title='bbox 350 3345 387 3405; x_wconf 90' lang='lat' dir='ltr'><strong>ut</strong></span> <span class='ocrx_word' id='word_1_132' title='bbox 401 3341 536 3406; x_wconf 90' lang='lat' dir='ltr'><strong>omnino</strong></span> <span class='ocrx_word' id='word_1_133' title='bbox 549 3339 688 3419; x_wconf 76' lang='lat' dir='ltr'><strong>velleii,</strong></span> <span class='ocrx_word' id='word_1_134' title='bbox 702 3339 832 3406; x_wconf 88' lang='lat' dir='ltr'><strong>Valerii</strong></span> <span class='ocrx_word' id='word_1_135' title='bbox 844 3338 1001 3416; x_wconf 82' lang='lat' dir='ltr'><strong>Maximi,</strong></span> <span class='ocrx_word' id='word_1_136' title='bbox 1009 3344 1045 3402; x_wconf 93' lang='lat' dir='ltr'><strong>et</strong></span> <span class='ocrx_word' id='word_1_137' title='bbox 1053 3336 1160 3403; x_wconf 82' lang='lat' dir='ltr'><strong>Curtii</strong></span> <span class='ocrx_word' id='word_1_138' title='bbox 1170 3343 1286 3414; x_wconf 77' lang='lat' dir='ltr'><strong>atate,</strong></span> 
     </span>
     <span class='ocr_line' id='line_1_21' title="bbox 189 3439 1287 3528; baseline 0.001 -24"><span class='ocrx_word' id='word_1_139' title='bbox 189 3440 236 3504; x_wconf 85' lang='lat' dir='ltr'><strong>ab</strong></span> <span class='ocrx_word' id='word_1_140' title='bbox 246 3440 359 3525; x_wconf 84' lang='lat' dir='ltr'><strong>alique</strong></span> <span class='ocrx_word' id='word_1_141' title='bbox 371 3441 535 3526; x_wconf 73' lang='lat' dir='ltr'><strong>elegantis</strong></span> <span class='ocrx_word' id='word_1_142' title='bbox 544 3442 666 3526; x_wconf 78' lang='lat' dir='ltr'><strong>ingenii</strong></span> <span class='ocrx_word' id='word_1_143' title='bbox 675 3450 711 3508; x_wconf 89' lang='lat' dir='ltr'><strong>et</strong></span> <span class='ocrx_word' id='word_1_144' title='bbox 719 3442 842 3528; x_wconf 87' lang='lat' dir='ltr'><strong>judicii</strong></span> <span class='ocrx_word' id='word_1_145' title='bbox 855 3441 1003 3519; x_wconf 86' lang='lat' dir='ltr'><strong>homine,</strong></span> <span class='ocrx_word' id='word_1_146' title='bbox 1017 3439 1121 3505; x_wconf 87' lang='lat' dir='ltr'><strong>animi</strong></span> <span class='ocrx_word' id='word_1_147' title='bbox 1136 3439 1244 3522; x_wconf 81' lang='lat' dir='ltr'><strong>gratia</strong></span> <span class='ocrx_word' id='word_1_148' title='bbox 1253 3447 1287 3506; x_wconf 90' lang='lat' dir='ltr'><strong>et</strong></span> 
     </span>
     <span class='ocr_line' id='line_1_22' title="bbox 191 3541 1287 3629; baseline 0 -23"><span class='ocrx_word' id='word_1_149' title='bbox 191 3542 456 3624; x_wconf 78' lang='lat' dir='ltr'><strong>exercitationis,</strong></span> <span class='ocrx_word' id='word_1_150' title='bbox 469 3543 598 3629; x_wconf 86' lang='lat' dir='ltr'><strong>scripta</strong></span> <span class='ocrx_word' id='word_1_151' title='bbox 611 3543 776 3623; x_wconf 84' lang='lat' dir='ltr'><strong>rideatur,</strong></span> <span class='ocrx_word' id='word_1_152' title='bbox 789 3544 855 3610; x_wconf 88' lang='lat' dir='ltr'><strong>etsi</strong></span> <span class='ocrx_word' id='word_1_153' title='bbox 872 3541 1040 3609; x_wconf 86' lang='lat' dir='ltr'><strong>nonnullis</strong></span> <span class='ocrx_word' id='word_1_154' title='bbox 1054 3542 1143 3607; x_wconf 88' lang='lat' dir='ltr'><strong>locis</strong></span> <span class='ocrx_word' id='word_1_155' title='bbox 1157 3541 1287 3627; x_wconf 87' lang='lat' dir='ltr'><strong>aliquid</strong></span> 
     </span>
     <span class='ocr_line' id='line_1_23' title="bbox 192 3642 1288 3731; baseline 0 -23"><span class='ocrx_word' id='word_1_156' title='bbox 192 3643 273 3708; x_wconf 86' lang='lat' dir='ltr'><strong>mali</strong></span> <span class='ocrx_word' id='word_1_157' title='bbox 288 3662 310 3708; x_wconf 91' lang='lat' dir='ltr'><strong>a</strong></span> <span class='ocrx_word' id='word_1_158' title='bbox 323 3643 413 3710; x_wconf 87' lang='lat' dir='ltr'><strong>mala</strong></span> <span class='ocrx_word' id='word_1_159' title='bbox 426 3645 459 3710; x_wconf 87' lang='lat' dir='ltr'><strong>ei</strong></span> <span class='ocrx_word' id='word_1_160' title='bbox 470 3645 639 3731; x_wconf 87' lang='lat' dir='ltr'><strong>objectum</strong></span> <span class='ocrx_word' id='word_1_161' title='bbox 654 3654 708 3712; x_wconf 86' lang='lat' dir='ltr'><strong>est</strong></span> <span class='ocrx_word' id='word_1_162' title='bbox 720 3665 835 3727; x_wconf 81' lang='lat' dir='ltr'><strong>manu,</strong></span> <span class='ocrx_word' id='word_1_163' title='bbox 848 3645 940 3730; x_wconf 84' lang='lat' dir='ltr'><strong>quod</strong></span> <span class='ocrx_word' id='word_1_164' title='bbox 952 3643 1077 3710; x_wconf 87' lang='lat' dir='ltr'><strong>etbelli</strong></span> <span class='ocrx_word' id='word_1_165' title='bbox 1088 3642 1288 3710; x_wconf 71' lang='lat' dir='ltr'><strong>Abxandn·</strong></span> 
     </span>
     <span class='ocr_line' id='line_1_24' title="bbox 191 3743 1287 3833; baseline 0 -25"><span class='ocrx_word' id='word_1_166' title='bbox 191 3743 227 3808; x_wconf 93' lang='lat' dir='ltr'><strong>ni</strong></span> <span class='ocrx_word' id='word_1_167' title='bbox 248 3744 415 3827; x_wconf 87' lang='lat' dir='ltr'><strong>scriptori,</strong></span> <span class='ocrx_word' id='word_1_168' title='bbox 435 3753 473 3811; x_wconf 88' lang='lat' dir='ltr'><strong>et</strong></span> <span class='ocrx_word' id='word_1_169' title='bbox 493 3748 569 3813; x_wconf 89' lang='lat' dir='ltr'><strong>aliis</strong></span> <span class='ocrx_word' id='word_1_170' title='bbox 591 3755 755 3833; x_wconf 80' lang='lat' dir='ltr'><strong>praeterea</strong></span> <span class='ocrx_word' id='word_1_171' title='bbox 773 3748 922 3831; x_wconf 80' lang='lat' dir='ltr'><strong>contigit.</strong></span> <span class='ocrx_word' id='word_1_172' title='bbox 965 3746 1085 3811; x_wconf 87' lang='lat' dir='ltr'><strong>Josias</strong></span> <span class='ocrx_word' id='word_1_173' title='bbox 1105 3743 1287 3821; x_wconf 76' lang='lat' dir='ltr'><strong>liemarus,</strong></span> 
     </span>
     <span class='ocr_line' id='line_1_25' title="bbox 190 3845 1287 3934; baseline -0.005 -24"><span class='ocrx_word' id='word_1_174' title='bbox 190 3845 244 3910; x_wconf 85' lang='lat' dir='ltr'><strong>vir</strong></span> <span class='ocrx_word' id='word_1_175' title='bbox 256 3864 340 3912; x_wconf 87' lang='lat' dir='ltr'><strong>sane</strong></span> <span class='ocrx_word' id='word_1_176' title='bbox 356 3865 483 3932; x_wconf 74' lang='lat' dir='ltr'><strong>magne</strong></span> <span class='ocrx_word' id='word_1_177' title='bbox 496 3849 694 3916; x_wconf 85' lang='lat' dir='ltr'><strong>eruditionis</strong></span> <span class='ocrx_word' id='word_1_178' title='bbox 709 3849 847 3934; x_wconf 84' lang='lat' dir='ltr'><strong>acrique</strong></span> <span class='ocrx_word' id='word_1_179' title='bbox 862 3848 1005 3933; x_wconf 84' lang='lat' dir='ltr'><strong>judicio,</strong></span> <span class='ocrx_word' id='word_1_180' title='bbox 1020 3845 1212 3932; x_wconf 85' lang='lat' dir='ltr'><strong>pertrivolis</strong></span> <span class='ocrx_word' id='word_1_181' title='bbox 1225 3845 1287 3911; x_wconf 71' lang='lat' dir='ltr'><strong>dn,</strong></span> 
     </span>
     <span class='ocr_line' id='line_1_26' title="bbox 190 3942 1352 4036; baseline -0.003 -24"><span class='ocrx_word' id='word_1_182' title='bbox 190 3947 278 4014; x_wconf 87' lang='lat' dir='ltr'><strong>citur</strong></span> <span class='ocrx_word' id='word_1_183' title='bbox 302 3949 514 4033; x_wconf 85' lang='lat' dir='ltr'><strong>argumentis,</strong></span> <span class='ocrx_word' id='word_1_184' title='bbox 537 3956 575 4016; x_wconf 91' lang='lat' dir='ltr'><strong>ut</strong></span> <span class='ocrx_word' id='word_1_185' title='bbox 599 3969 672 4016; x_wconf 89' lang='lat' dir='ltr'><strong>eam</strong></span> <span class='ocrx_word' id='word_1_186' title='bbox 694 3956 772 4036; x_wconf 86' lang='lat' dir='ltr'><strong>pest</strong></span> <span class='ocrx_word' id='word_1_187' title='bbox 789 3948 1000 4015; x_wconf 83' lang='lat' dir='ltr'><strong>Constantini</strong></span> <span class='ocrx_word' id='word_1_188' title='bbox 1016 3947 1152 4010; x_wconf 84' lang='lat' dir='ltr'><strong>demum</strong></span> <span class='ocrx_word' id='word_1_189' title='bbox 1167 3945 1287 4031; x_wconf 75' lang='lat' dir='ltr'><strong>Magni</strong></span> <span class='ocrx_word' id='word_1_190' title='bbox 1323 3942 1352 4020; x_wconf 74' lang='lat'><strong>,⁰</strong></span> 
     </span>
     <span class='ocr_line' id='line_1_27' title="bbox 102 4047 1285 4144; baseline -0.002 -28"><span class='ocrx_word' id='word_1_191' title='bbox 102 4139 108 4144; x_wconf 28' lang='grc' dir='ltr'>Ι</span> <span class='ocrx_word' id='word_1_192' title='bbox 191 4055 326 4118; x_wconf 81' lang='lat' dir='ltr'><strong>aetatem</strong></span> <span class='ocrx_word' id='word_1_193' title='bbox 340 4051 498 4136; x_wconf 87' lang='lat' dir='ltr'><strong>scriptam</strong></span> <span class='ocrx_word' id='word_1_194' title='bbox 512 4058 614 4135; x_wconf 87' lang='lat' dir='ltr'><strong>putet.</strong></span> <span class='ocrx_word' id='word_1_195' title='bbox 659 4051 796 4118; x_wconf 82' lang='lat' dir='ltr'><strong>Scilicet</strong></span> <span class='ocrx_word' id='word_1_196' title='bbox 820 4051 854 4114; x_wconf 89' lang='lat' dir='ltr'><strong>in</strong></span> <span class='ocrx_word' id='word_1_197' title='bbox 876 4049 1072 4133; x_wconf 77' lang='lat' dir='ltr'><strong>prefatione</strong></span> <span class='ocrx_word' id='word_1_198' title='bbox 1094 4047 1285 4114; x_wconf 83' lang='lat' dir='ltr'><strong>Consularis</strong></span> 
     </span>
     <span class='ocr_line' id='line_1_28' title="bbox 193 4149 1284 4240; baseline -0.001 -24"><span class='ocrx_word' id='word_1_199' title='bbox 193 4149 303 4220; x_wconf 81' lang='lat' dir='ltr'><strong>Grctae</strong></span> <span class='ocrx_word' id='word_1_200' title='bbox 318 4153 357 4219; x_wconf 88' lang='lat' dir='ltr'><strong>fit</strong></span> <span class='ocrx_word' id='word_1_201' title='bbox 370 4153 505 4234; x_wconf 88' lang='lat' dir='ltr'><strong>mentio,</strong></span> <span class='ocrx_word' id='word_1_202' title='bbox 520 4173 598 4240; x_wconf 86' lang='lat' dir='ltr'><strong>quse</strong></span> <span class='ocrx_word' id='word_1_203' title='bbox 613 4156 744 4240; x_wconf 87' lang='lat' dir='ltr'><strong>imperii</strong></span> <span class='ocrx_word' id='word_1_204' title='bbox 758 4153 947 4240; x_wconf 86' lang='lat' dir='ltr'><strong>appellatio</strong></span> <span class='ocrx_word' id='word_1_205' title='bbox 961 4158 1012 4218; x_wconf 87' lang='lat' dir='ltr'><strong>est</strong></span> <span class='ocrx_word' id='word_1_206' title='bbox 1026 4151 1197 4219; x_wconf 81' lang='lat' dir='ltr'><strong>recentior.</strong></span> <span class='ocrx_word' id='word_1_207' title='bbox 1236 4152 1284 4216; x_wconf 84' lang='lat' dir='ltr'><strong>At</strong></span> 
     </span>
    </p>
   </div>
   <div class='ocr_carea' id='block_1_7' title="bbox 0 0 1484 4875">
    <p class='ocr_par' dir='ltr' id='par_1_7' title="bbox 0 0 1484 4875">
     <span class='ocr_line' id='line_1_29' title="bbox 0 0 1484 4875; baseline 0 0"><span class='ocrx_word' id='word_1_208' title='bbox 0 0 1484 4875; x_wconf 95' lang='lat' dir='ltr'><strong> </strong></span> 
     </span>
    </p>
   </div>
  </div>
 </body>
</html>
