2959 4875
203 338 269 403 806
577 350 738 399 nussum
764 352 922 401 rrrnrerr

207 493 401 559 Alexandro
414 494 449 557 in
462 492 581 558 itinere
594 496 748 571 occurrit,
768 503 803 559 et
816 496 996 561 mirabatur
1009 494 1133 575 ηςὶιω
1149 493 1291 561 classem

204 614 271 678 quo
287 593 441 659 tenderet
486 594 625 677 Utrique
639 601 848 660 occurrentes
863 602 1071 678 aspexerunt
1086 595 1292 670 seinvicem,

206 694 304 759 inscii
318 713 385 777 quo
399 694 538 778 quisque
553 696 627 759 iret.
671 694 792 760 Castor
813 703 849 759 et
871 695 997 759 Pollux
1015 695 1058 759 ad
1074 694 1295 778 Clytaemnes·

206 806 291 861 tram
306 798 426 871 ierant,
440 814 557 860 secum
573 796 788 861 Hermionam
803 804 935 879 neptem
952 815 1048 861 suam
1071 796 1216 860 Helenae
1231 795 1296 859 lili·

206 916 260 961 nm
276 895 494 961 abduxerant·
542 897 637 978 Argis
658 896 680 960 J
683 897 803 961 unonis
817 896 913 961 dies¹
935 896 1039 961 lestns
1063 903 1137 960 erat
1157 895 1212 959 lris
1225 895 1296 959 dic·

207 1000 280 1073 bus,
295 998 418 1080 quibus
430 995 625 1061 Alexander
650 998 706 1059 in¹
730 998 874 1061 insulam
895 996 1095 1079 cytheream
1110 998 1210 1073 venit,
1234 998 1294 1061 nbi

207 1097 250 1161 ad
264 1098 375 1163 lanum
392 1099 532 1164 Veneris
556 1098 678 1165 Dianee
703 1097 931 1161 sacrificavit.y
974 1096 1024 1160 Hi
1047 1098 1166 1181 quiin
1187 1098 1295 1161 insula

206 1207 301 1264 erant
322 1199 527 1263 mirabantur
541 1199 662 1279 regiam
678 1198 831 1274 classem,
854 1207 889 1261 et
909 1198 1156 1280 interrogabant
1168 1199 1212 1261 ab
1226 1197 1295 1261 illis

207 1302 353 1384 quicum
369 1298 577 1375 Alexandro,
592 1300 650 1381 qui
672 1305 792 1375 essent,
810 1298 892 1381 qnid
908 1300 1097 1363 venissem‘
1140 1297 1294 1381 Respon-

207 1399 323 1465 derunt
337 1400 386 1464 illi
400 1419 422 1463 a
441 1398 573 1463 Priamo
595 1418 670 1481 rege
692 1398 837 1480 legatum
859 1400 997 1462 missurn
1011 1397 1055 1462 ad
1069 1396 1246 1462 Castorem
1260 1406 1295 1462 et

208 1499 396 1577 Pollucem,
409 1506 445 1565 nt
460 1518 517 1563 eos
532 1500 728 1565 conveniret.
771 1499 851 1581 [le]
873 1498 920 1562 At
934 1518 1012 1563 vero
1028 1498 1161 1562 Helena
1179 1497 1296 1561 dione·

206 1600 254 1663 lai
279 1619 377 1676 uxor,
400 1619 475 1664 cum
492 1598 684 1665 Alexander
698 1600 733 1663 in
747 1599 858 1665 insula
871 1598 1036 1683 Cytherea
1050 1606 1150 1675 esset,
1172 1599 1297 1682 placuit

206 1701 238 1764 ei
253 1720 294 1765 eo
310 1702 368 1766 ire.
414 1701 493 1781 Qua
506 1700 548 1764 de
564 1719 667 1764 causa
682 1698 725 1763 ad
746 1699 843 1764 littus
864 1700 1039 1782 precessit,
1055 1700 1113 1762 ubi
1128 1700 1251 1764 Diome
1264 1709 1297 1766 et

213 1800 381 1884 Apollinis
395 1802 507 1873 sanum
523 1808 593 1864 est:
616 1802 684 1865 ibi³
706 1820 776 1864 rem
790 1799 936 1864 divinam
959 1800 1092 1864 Helena
1105 1799 1215 1863 fecere
1227 1798 1296 1865 dis·

209 1909 374 1984 posuerat
419 1900 521 1979 Quod
537 1902 595 1965 ubi
615 1902 802 1967 nuntiatum
823 1910 878 1965 est
900 1900 1106 1978 Alexandro,
1126 1900 1294 1965 Helenam

208 2000 252 2066 ad
275 2020 365 2065 mare
380 2002 525 2080 venisse,
549 2003 703 2067 conscius
718 2002 834 2066 formae
850 2020 933 2079 suae,
959 2002 995 2064 in
1018 2011 1204 2084 conspectu
1225 2003 1296 2087 ejus

208 2100 378 2165 ambulare
393 2103 507 2185 coepit,
530 2102 671 2183 cupiens
686 2120 759 2165 eam
778 2101 902 2165 ridere.
946 2101 1089 2167 Helenae
1110 2102 1295 2167 nuntiatum

208 2205 270 2278 est,
286 2200 513 2267 Alexandrum
530 2200 652 2264 Priami
666 2202 752 2282 regis
766 2200 873 2323 iilpnm
886 2200 930 2264 nd
945 2201 1120 2283 oppidum,
1142 2203 1200 2265 ubi
1223 2200 1297 2266 He·

207 2301 284 2365 lena
297 2308 376 2379 erat,
391 2302 533 2366 venisse.
579 2298 687 2377 Quem
703 2301 805 2365 etiarn
818 2301 894 2384 ipsa
910 2302 1023 2366 ridere
1044 2302 1211 2386 cupiebat.
1254 2301 1298 2365 Et

209 2420 284 2466 oum
299 2420 335 2466 ee
348 2405 476 2486 utrique
491 2402 730 2486 respexissent,
740 2402 850 2479 ambo,
864 2400 969 2466 forma
984 2422 1047 2467 sna
1060 2403 1202 2481 incensi,
1216 2412 1297 2468 tem·

210 2520 274 2585 pus
288 2502 447 2568 dederunt
461 2509 497 2567 ut
511 2504 636 2584 gratim
652 2503 816 2568 referrent.
858 2501 1052 2568 Alexander
1061 2505 1213 2586 imperat,
1227 2523 1298 2568 om·

209 2621 271 2666 nes
286 2609 323 2666 ut
346 2605 382 2667 in
403 2605 544 2690 naribus
561 2603 630 2668 sint
643 2605 772 2686 parati:
793 2610 893 2667 nocte
915 2605 1056 2668 classem
1082 2603 1227 2682 solvant,
1253 2604 1297 2668 de

209 2701 290 2768 lano
322 2697 490 2768 Helenam
519 2705 669 2786 eripiant,
705 2722 821 2768 secum
857 2723 930 2768 earn
967 2704 1128 2768 auferant.
1193 2705 1296 2786 Signo

210 2802 288 2867 dato
321 2801 434 2866 senum
472 2803 672 2879 invaserunt,
709 2802 874 2868 Helenam
912 2803 1106 2870 inviolatam
1141 2805 1297 2887 eripiunt,

210 2902 246 2964 in
280 2920 399 2968 navem
422 2901 580 2980 deserunt,
609 2905 642 2964 et
671 2921 750 2965 cum
784 2921 825 2965 ca
857 2903 1013 2968 mulieres
1046 2904 1205 2990 aliquas*
1239 2906 1297 2969 de·

661 3108 841 3132 ”menneo

211 3291 227 3337 ⁸
242 3225 390 3353 1υὲυόῗῖὲὶ
392 3225 491 3340 ilelpn.
502 3227 538 3290 irr,
554 3232 581 3276 et
591 3239 652 3277 mcx
661 3229 693 3278 od
703 3234 763 3278 ente
775 3230 873 3293 sm,
883 3237 911 3281 et
926 3232 1005 3283 hebet
1019 3238 1070 3283 eree
1084 3239 1144 3298 port
1158 3231 1298 3282 Veneris.-

701 3401 807 3454 NOTAE

242 3495 347 3556 *Arge
364 3497 466 3544 Jeme
489 3498 551 3561 dier]
579 3497 647 3547 Jnno
666 3499 735 3549 eninr
775 3501 1054 3564 mmtempliveeeris
1070 3499 1142 3563 lucil,
1159 3509 1189 3551 nt
1207 3509 1297 3566 perles

209 3569 342 3631 precipue
352 3568 430 3632 Argis
441 3569 583 3620 colebatur.
609 3573 683 3622 Diem
691 3587 735 3621 nu·
774 3577 895 3640 subjiciet
912 3575 1030 3624 Paridem
1048 3575 1141 3624 Dinon
1158 3576 1297 3626 notifices·

210 3647 264 3692 tem
279 3641 373 3691 fertum
384 3644 429 3692 hie
439 3645 571 3706 intelligit,
580 3660 631 3709 qno
643 3647 735 3710 Ἡραῖα,
774 3650 822 3697 se?

210 3717 237 3765 id
248 3723 297 3776 ert,
306 3715 414 3767 lunonis
425 3732 499 3768 mers
509 3721 676 3770 colen-mur:
701 3724 734 3770 de
806 3733 817 3758 ¹
833 3724 882 3780 Qui
892 3728 977 3784 mal,
986 3723 1042 3786 quid
1052 3723 1180 3786 unhul]
1197 3725 1296 3776 Denso

210 3791 370 3858 qniburride
381 3793 520 3843 doctissimi
538 3793 646 3844 biennii
662 3796 735 3847 Grn-
774 3795 885 3848 formale
901 3797 1003 3846 abunde
1021 3797 1129 3862 eumne,
1147 3798 1216 3862 epod
1234 3799 1296 3848 Die·

210 3867 452 3930 cirmieriatsnr,in
464 3871 627 3932 roee'llprrie.
773 3877 832 3934 tyn.

243 3941 359 3992 'Diem
371 3941 526 4007 aeolicum]
550 3944 601 3994 Sed
620 3959 666 3995 eur
684 3961 734 3996 nen
806 3954 819 3980 ⁸
834 3947 1059 4010 Melierrreliqw]
1076 3945 1296 4014 AEthrsnelclp·

166 4035 171 4046 ·
211 4017 735 4082 prrlrsvmrrruerlnmrir,crjmpra·
774 4036 885 4073 menum.
920 4022 1206 4089 l'idespudllictyn·

209 4091 275 4142 edio
289 4093 454 4144 conlidebnti
476 4099 504 4142 el
514 4107 559 4144 cur
569 4095 611 4144 lrie
627 4095 735 4145 mentio·
