2959 4875
422 389 469 438 on
493 387 612 438 unane
635 371 808 440 inostro
834 391 908 440 nin.
933 390 980 438 vr.
1173 375 1239 442 uae

155 529 246 594 Hinc
262 547 396 594 moruus
410 531 501 613 uigil,
514 530 590 595 inde
603 531 732 598 odium:
755 531 913 615 nulloque
928 533 1067 598 rebelles

153 629 352 714 Objectante
366 650 495 708 manus,
507 630 637 697 ferienti
651 632 753 715 copia
764 632 888 698 dextrae

154 731 327 813 Delegisse
341 751 469 812 necem,
480 733 685 817 jugulumne,
699 753 740 796 an
755 741 888 816 pectus,
903 755 948 800 an
962 755 1023 800 ora
1173 736 1239 800 775

153 830 317 914 Occupet,
332 838 390 898 ant
403 841 540 899 cunctos
554 835 589 898 in
603 835 740 900 vnlnere
754 843 926 919 computet
938 844 1042 904 artus.

196 931 245 1010 At
259 933 381 1018 quibus
396 935 432 998 in
446 954 578 1000 mensas
593 935 704 1001 noctis
719 937 913 1019 productior
925 956 1017 1014 usus,

153 1031 227 1096 Aut
239 1033 350 1098 verbis
365 1035 504 1118 vigilata
517 1039 627 1119 quies,
641 1037 798 1119 vulgante
811 1040 952 1105 tumultu

153 1132 245 1197 Urbe
259 1134 324 1198 frui
340 1136 490 1215 Danaos,
504 1144 565 1201 aut
580 1138 662 1202 visis
676 1137 818 1221 ignibus,
832 1157 922 1204 arma

154 1233 341 1300 Defensura
356 1242 482 1320 parem,
497 1237 554 1303 sed
568 1237 711 1304 dammis
726 1239 870 1323 undique
884 1242 975 1323 septi
1175 1239 1240 1307 780

152 1333 360 1419 Praereptum
375 1339 532 1403 mirentur
545 1342 624 1406 iter:
647 1340 836 1425 frustraque
849 1348 1005 1426 parantes

153 1437 315 1506 Incensos
329 1439 423 1504 exire
433 1440 533 1520 lares,
546 1441 727 1526 asperrima
741 1441 850 1525 questi

153 1541 299 1622 Funera,
312 1543 499 1606 consumtis
517 1544 641 1626 pariter
654 1545 841 1609 moriuntur
856 1544 891 1607 in
906 1545 1016 1608 ermis.

195 1643 383 1727 Expediam
397 1643 535 1709 oaedesi
557 1655 593 1710 et
607 1646 736 1728 singula
748 1644 822 1710 ieta
834 1645 1027 1709 revolvamt
1124 1631 1149 1670 ⁸

153 1745 221 1810 Sed
233 1745 372 1811 tenebris
386 1745 513 1810 latuere
526 1765 657 1824 manus,
672 1745 729 1810 sed
746 1752 842 1811 nocte
856 1748 1005 1828 peremti,
1176 1743 1242 1809 785

152 1845 221 1910 Sed
237 1849 357 1929 premit
370 1848 556 1912 umbratam
571 1856 733 1912 nocturna
747 1847 881 1912 inscitia
893 1843 1040 1910 Musam.

196 1948 339 2030 Fugerat
354 1948 531 2032 amplexus
545 1967 621 2014 aras
635 1956 670 2014 et
681 1948 806 2032 templa
818 1947 986 2012 Tonantis

151 2047 277 2114 Infelix
289 2049 457 2127 Priamus,
471 2069 532 2114 noc
544 2051 632 2115 enim
646 2050 773 2116 fiducia
785 2050 934 2114 dexbaer

152 2149 309 2215 Cesserat
321 2151 372 2214 ira
386 2156 485 2226 metu,
500 2171 621 2233 magno
636 2157 747 2216 umen
762 2150 883 2214 arduus
898 2169 967 2225 ore,

152 2249 233 2316 Non
247 2269 359 2334 prece,
373 2270 439 2316 non
451 2252 618 2335 lacrymis,
631 2270 700 2317 non
715 2253 813 2317 vultu
826 2251 979 2334 supplice
993 2267 1099 2333 regem
1175 2251 1240 2316 790

152 2351 362 2418 Dedecorat:
385 2354 441 2416 cui
456 2352 605 2435 Pyrrhus
620 2360 741 2419 atrox:
764 2352 937 2417 Reddisne
957 2351 1112 2435 Pelasgis

152 2455 345 2539 Spartanae,
359 2454 515 2521 reddisne
527 2457 655 2521 nurusi
678 2474 722 2520 an
736 2455 854 2539 praelia
867 2455 1000 2518 marist

152 2557 198 2622 Et
212 2557 355 2623 nondum
369 2558 495 2622 bellare
511 2556 634 2620 timest
657 2575 714 2621 cur
727 2556 862 2637 stringis
875 2556 1031 2632 eburnos,

153 2659 230 2724 Diis
243 2659 362 2735 invise,
378 2658 499 2723 Deest
521 2658 640 2723 laesisti
656 2657 792 2722 numina
805 2662 933 2739 sponte,

152 2758 263 2840 Cogor
277 2760 310 2822 in
326 2760 517 2841 exemplum
529 2780 539 2823 z
561 2757 680 2823 cecidit
693 2764 789 2842 pater
801 2756 914 2821 boetia
928 2755 1073 2834 Pboebo,
1173 2756 1239 2821 795

151 2860 271 2945 Tuque
284 2859 375 2928 lovi.
419 2860 530 2938 Dixit,
542 2858 800 2943 indignatusque
809 2855 955 2942 jacentis

642 3108 750 3159 NO'l'AE

183 3240 232 3287 tte
250 3236 299 3287 Aut
311 3245 405 3289 cauetur
419 3240 444 3289 ia
455 3242 550 3289 euim
561 3245 676 3303 computet
716 3254 773 3289 mua
783 3240 907 3304 cujusque
918 3238 1062 3301 celebatur,
1071 3252 1146 3302 quem
1162 3236 1240 3287 etiam

152 3312 229 3376 utar]
245 3314 329 3378 Supra
340 3318 396 3365 tro.
716 3314 800 3364 Deum
812 3316 971 3379 penetralem
979 3312 1161 3378 appellabunt:
1178 3312 1242 3360 Dic·

184 3393 231 3438 m
249 3389 377 3453 arquitur
394 3390 419 3438 iu
431 3404 523 3439 marus
532 3392 608 3440 uectis
619 3406 676 3455 pru·
717 3401 758 3455 tyr
769 3394 885 3442 nominat
901 3392 992 3444 ‘luris
1009 3389 1140 3440 edificalia
1153 3389 1242 3451 arum,'

151 3466 244 3514 dodim
264 3466 330 3529 arur]
346 3468 397 3519 Qui
415 3468 568 3531 intemperie
590 3469 676 3519 couri·
716 3468 767 3533 (itu
786 3471 855 3518 enirn
871 3468 1009 3531 tegendum
1027 3467 1133 3531 ibi,oou
1152 3471 1243 3513 ‘arma

153 3544 196 3592 riu
212 3544 352 3607 agitabunt.
383 3546 427 3594 Sie
448 3559 527 3610 snpra
547 3550 589 3596 87.
614 3546 676 3596 ‘Ut·
716 3542 927 3609 Jovir‚’)quiuiu
938 3541 1040 3593 edificii
1052 3539 1242 3605 penetrali,uu-

153 3632 204 3682 que
231 3633 279 3669 usu
307 3618 436 3682 preducta
456 3620 543 3669 Venus
563 3620 678 3684 majore!
717 3612 1187 3684 devirgiiiur‚‘penatralilnredez'
1202 3612 1243 3663 td·

153 3692 268 3756 Prosper
284 3694 405 3759 Aquitnn.
423 3699 464 3746 68.
488 3694 615 3745 ‘Grutior
636 3701 678 3746 ert
716 3694 844 3761 queipnur
858 3696 952 3745 innuit.
983 3692 1180 3757 'l'rypbiodurnr
1199 3702 1242 3737 eu·

151 3768 343 3834 fructuqqnern
352 3786 411 3833 uper
421 3772 569 3834 productior
578 3772 650 3822 edit.¹
717 3769 777 3819 dem
789 3784 848 3834 qum
866 3770 964 3820 Noster
978 3767 1111 3827 describit,
1127 3772 1154 3814 et
1166 3762 1243 3814 cuin-

185 3848 234 3893 rra
251 3845 301 3894 Aut
317 3845 393 3893 uerbis
410 3846 511 3907 u'giiutu
529 3845 607 3909 quiet]
623 3837 693 3899 Qui¹
719 3850 901 3895 tourtam.
932 3842 1037 3907 Ἓρκών
1045 3839 1200 3901 mitioptr.

152 3919 581 3983 colloquioromnumprotulerunt.
749 3927 797 3973 m
816 3923 867 3971 Cur
886 3922 987 3982 nrirgte
1001 3919 1109 3983 rimer,
1128 3916 1187 3967 Diis
1206 3916 1243 3963 iu·

183 3998 232 4046 787
249 3996 356 4057 Fugerat
377 3997 496 4058 ampiexus
512 4012 566 4045 urm
580 4002 605 4046 rt
622 4002 678 4046 teur-
717 3998 867 4061 nitemur]
884 3997 1001 4046 Videre.
1017 3998 1074 4044 too.
1108 3994 1181 4042 Deos
1198 4006 1243 4042 uu·

153 4070 195 4132 plu
217 4070 331 4121 tenura
344 4069 437 4133 lesciis
449 4070 573 4135 runnu]
600 4074 679 4122 Aram
719 4081 771 4123 tem
789 4073 905 4122 nominat
920 4068 1142 4133 ‘eburnut,’quia
1157 4068 1245 4131 inrugi-

154 4158 247 4210 nempe
256 4146 331 4198 Jeria
343 4146 454 4197 Hercei·
473 4148 678 4198 Ferturr‘lier·
717 4163 763 4199 nea
782 4149 897 4197 Deorum
924 4145 966 4195 rei
995 4143 1077 4192 tutela
1102 4143 1128 4192 iu
1151 4140 1245 4205 capulo

155 4231 224 4272 enus
242 4224 345 4288 Jupiter
366 4224 435 4274 intre
457 4232 610 4289 conseptum
634 4224 678 4275 do·
717 4226 838 4276 eburnea.
