2959 4875
478 377 524 425 nn
551 374 678 425 exoro.
701 372 830 423 unctu
854 373 1001 423 steron.
1184 336 1189 343 ’
1217 357 1286 433 ara.

187 517 313 599 populo
335 514 485 592 missus}
505 515 597 579 dona
615 514 766 597 Apollini
786 516 952 597 portabat
997 514 1091 578 Huic
1109 532 1154 578 ex
1169 513 1282 597 adytis
1374 558 1383 569 ·

177 608 415 699 respondetur,
429 624 468 680 ut
482 634 561 679 cum
573 614 771 697 Argivorum
787 616 897 679 classe
912 614 1053 679 militum
1068 622 1184 679 contra
1198 614 1282 679 Tros

184 716 285 799 janos
300 716 542 799 proficiscatur,
553 733 678 798 eosque
693 734 755 779 sua
765 715 983 795 intelligentia
992 719 1135 791 moveat,
1148 734 1191 778 ne
1205 715 1283 779 inde

190 818 362 881 discedant
376 817 480 901 prius,
496 836 595 899 quam
606 817 708 900 Trcja
723 825 824 899 capta
834 816 890 880 sit
920 816 1103 899 Postquam
1119 816 1153 879 in
1167 815 1282 880 fanum

190 924 323 983 ventum
339 928 400 994 est,
416 919 499 1004 inter
514 938 551 981 se
566 917 717 983 Achilles
731 925 763 983 et
777 918 923 984 Calchas
946 936 1111 1002 responsa
1134 918 1283 981 contule·

190 1026 281 1082 runt:
305 1019 489 1099 gaudentes
502 1019 660 1101 hospitio,
683 1020 868 1083 amicitiam
884 1019 1088 1095 confirmant,
1102 1037 1167 1082 uua
1181 1018 1283 1083 Athe·

191 1138 253 1183 naa
276 1118 533 1201 proficiscuntur
555 1126 589 1183 et
608 1120 817 1201 perveniunt.
866 1119 1011 1184 Achilles
1027 1118 1143 1185 eodem
1155 1120 1192 1183 in
1207 1139 1284 1183 con·

191 1219 272 1284 cilio
286 1221 395 1285 refert.
439 1219 555 1301 Argivi
572 1220 730 1301 gaudent,
743 1218 961 1283 Calchantem
978 1240 1091 1285 secum
1106 1221 1282 1304 recipiunt,

192 1321 334 1385 classem
350 1323 496 1386 solvunt
540 1321 626 1386 Cum
639 1339 697 1384 eos
712 1326 930 1402 tempestates
943 1320 991 1384 ihi
1005 1321 1190 1396 retinerent,
1206 1322 1283 1387 Cal·

192 1420 272 1485 ollas
287 1440 331 1485 ex
346 1423 484 1503 augurio
508 1420 684 1504 respondit
706 1428 745 1485 ut
768 1422 909 1502 primum
924 1428 1127 1487 revertantur
1137 1424 1172 1485 in
1187 1420 1284 1485 Auli·

192 1521 293 1598 dem,''
312 1530 347 1587 ut
371 1523 490 1588 Dianae
516 1522 713 1586 sacrificent.
767 1521 916 1585 Profecti
941 1524 1149 1604 perveniunt.
1192 1522 1284 1607 Aga·

192 1642 344 1687 memnon
359 1624 502 1687 Dianam
518 1623 653 1706 placat,c
680 1620 827 1705 dicitque
847 1623 953 1687 sociis
973 1623 1116 1687 classem
1140 1623 1283 1703 solvant,

193 1724 235 1785 ad
251 1723 387 1806 Trojam
402 1726 464 1788 iter
477 1723 613 1788 iaciant.
658 1722 805 1787 Utuntur
818 1722 904 1787 duce
919 1723 1116 1802 Philocteta,
1135 1726 1284 1807 quicum

193 1822 417 1905 Argonautisd
440 1825 483 1889 ad
509 1824 646 1909 Trojam
670 1826 765 1889 ierat.
808 1826 939 1890 Deinde
954 1827 1125 1910 applicant
1138 1827 1283 1892 classem

193 1926 234 1989 ad
261 1926 447 2008 oppidum,o
469 1926 558 2011 quod
583 1928 645 1991 snb
668 1926 809 2011 imperio
833 1926 958 1991 Priami
979 1928 1067 2009 regis
1090 1934 1171 2004 erat,
1192 1935 1227 1993 et
1250 1926 1285 1993 id

193 2034 403 2109 expugnant:
427 2030 608 2112 praedaque
622 2029 726 2107 sacta,
742 2028 1010 2112 proficiscuntur:
1028 2028 1163 2093 veniunt
1176 2028 1285 2093 'l'ene-

192 2126 269 2203 don,
290 2129 405 2211 ibique
429 2149 544 2194 omnes
569 2130 736 2195 occidunt.
780 2128 864 2212 [lo]
886 2128 1111 2210 Agamemnon
1135 2129 1285 2211 predam

193 2226 323 2306 dividit,
339 2232 519 2297 concilium
535 2240 648 2297 vocat.
672 2233 775 2297 ·lude
789 2231 916 2312 legatos
931 2229 975 2293 ad
986 2230 1154 2293 Priamum
1169 2232 1285 2309 mittit,

195 2331 225 2393 si
240 2332 345 2395 vellet
360 2331 537 2411 Helenam,
563 2340 596 2399 et
610 2334 758 2418 praedam
773 2352 872 2415 quam
888 2331 1079 2396 Alexander
1093 2331 1174 2395 iecit
1186 2334 1286 2396 resti·

196 2441 299 2496 tuere.
344 2434 459 2516 Legati
475 2436 625 2517 leguntur
637 2432 820 2499 Diomedes
834 2439 868 2498 et
882 2432 1043 2516 Ulysses3
1058 2431 1102 2497 ad
1117 2432 1285 2498 Priamum

194 2535 462 2617 proficiscuntur.
520 2539 610 2603 Dum
642 2537 745 2618 legati
772 2536 931 2600 mandato
961 2542 1088 2618 parent,
1116 2536 1286 2601 mittuntur

196 2633 345 2702 Achilles
359 2643 393 2699 et
401 2633 591 2720 *Telephusf
603 2636 645 2700 ad
661 2635 915 2719 depraedandam
929 2634 1087 2718 Mysiam.
1124 2633 1180 2699 Ad
1195 2635 1286 2700 Teu·

196 2733 356 2800 thrantem
383 2755 493 2819 regem
518 2737 662 2814 veniunt,
691 2737 905 2819 praedamque
930 2737 1068 2802 faciunt.
1119 2736 1286 2801 Teuthras

195 2855 272 2900 curn
298 2839 447 2902 exercitu
471 2838 671 2922 supervenit,
693 2858 792 2921 quem
818 2836 972 2903 Achilles
994 2837 1110 2920 fugato
1134 2838 1286 2902 exercitu

194 2937 402 3005 vulueravit:
422 2959 520 3023 quem
540 2941 708 3024 jacentem
730 2938 902 3021 Telephus
925 2940 1046 3023 clypeo
1069 2939 1226 3021 protexit,
1245 2959 1287 3002 ne

197 3038 241 3101 ab
255 3038 385 3104 Achille
399 3041 649 3119 interliceretm3
672 3058 936 3104 commemorans
950 3039 1134 3123 hospitium
1148 3041 1235 3104 inter
1248 3059 1285 3103 se

684 3254 794 3304 NOTAE

196 3365 324 3416 ‘Calchas
335 3365 513 3415 Tirestoridee'
526 3367 647 3416 Homero.
761 3374 814 3429 tur,
836 3353 976 3418 Homerum
999 3373 1114 3428 reculae,
1130 3366 1173 3430 qui
1192 3366 1286 3416 nullam

227 3448 240 3474 ⁸
257 3442 291 3490 Et
300 3457 342 3505 pro
354 3441 489 3506 Phrygibus
497 3457 513 3490 o
522 3456 565 3491 ruo
572 3444 655 3504 populo
664 3443 720 3492 mle-
760 3442 828 3491 lllim
839 3441 995 3491 mentionem
1006 3440 1077 3491 iecit.

194 3515 247 3580 eur]
263 3517 427 3566 Calchantem
443 3518 485 3566 hic
503 3518 641 3582 Phrygium
657 3516 721 3570 iacit
793 3518 805 3554 ⁴
823 3519 873 3575 Qei
882 3532 934 3568 cu
944 3514 1104 3580 Argonautis]
1115 3515 1286 3568 Philoctetam

195 3594 289 3648 Dares,
297 3600 327 3642 ut
333 3593 420 3642 nascio
429 3608 504 3658 quem
515 3594 645 3644 historiam
653 3609 721 3645 com·
760 3594 829 3643 luter
840 3595 1000 3659 Argonautae
1012 3599 1131 3644 numerat
1141 3593 1219 3643 etiem
1233 3593 1288 3657 lly-

195 3669 295 3731 pingat.
328 3667 462 3718 aedilium
474 3669 721 3735 Porphyrinr‚epud
761 3671 846 3732 giuue.

197 3745 721 3812 Eortethium,exEuhoeenatumdicit,et
792 3753 804 3780 ·
820 3745 989 3809 nemum]
1013 3745 1110 3795 Nescio
1126 3745 1202 3808 quale
1213 3744 1287 3806 oppi-

58 3867 64 3880 ,
195 3819 305 3869 Abantia
316 3833 469 3882 epogdoum.
761 3821 821 3870 dum
833 3821 876 3868 hic
887 3820 966 3869 dieat.
999 3819 1030 3868 ln
1040 3821 1097 3882 lpao
1107 3820 1195 3868 littore
1205 3817 1287 3868 iniere

229 3895 240 3928 δ
258 3895 415 3946 Revertantur
424 3896 449 3944 ia
461 3896 583 3960 Antiatem]
597 3897 675 3963 Atqui
687 3911 719 3947 err
761 3909 867 3946 necem
878 3903 928 3942 ert.
959 3893 1010 3942 Sed
1023 3901 1135 3957 nugatur
1145 3895 1239 3943 Dares.

196 3972 305 4023 Athenio
317 3970 436 4036 proiecti,
447 3986 496 4021 oon
506 3985 538 4020 ex
548 3971 650 4024 Aulide.
670 3973 722 4022 cur
793 3970 804 4008 ¹
827 3970 963 4019 Mittuntur
984 3968 1087 4018 Achillea
1113 3975 1137 4019 et
1160 3969 1286 4034 Telephus]

194 4047 273 4111 igitur
284 4062 329 4096 eos
339 4047 377 4096 alt
387 4046 414 4095 in
425 4044 545 4096 Aulidem
557 4047 671 4096 revertit
763 4046 876 4097 Omnino
885 4043 961 4092 aliter
970 4042 1027 4092 hee
1035 4053 1122 4095 narrat
1130 4044 1286 4111 Dietyr,qul

228 4126 416 4185 amaneum
434 4123 540 4172 Diuum
548 4124 640 4188 placa]
667 4125 721 4188 0p·
761 4120 950 4174 multorerior.
983 4116 1183 4182 illumvide,1t.

197 4197 259 4248 time
270 4196 422 4249 sacrificium
437 4198 576 4264 Iphigeniae
593 4200 721 4250 oblivisci·
