2959 4875
550 358 670 409 suasa
694 360 843 409 ructes.
1194 345 1238 413 ⁷8

149 506 238 584 tatis,
250 508 287 569 ut
301 505 360 587 qai
374 518 420 569 ex
432 524 475 571 es
486 514 688 585 rasceretur,
703 516 799 591 petre
813 507 920 592 major
931 514 1021 574 esset
1033 509 1178 589 tuturus,
1192 515 1237 579 ab

151 606 224 690 ejus
251 606 434 673 concubitu
463 607 635 673 abstinuit.
692 606 868 674 Thetidem
904 628 983 673 vero
1020 612 1235 692 paeterednm

151 707 284 783 Peleus,
299 706 398 771 AEaci
411 706 515 783 filius,
533 722 671 775 uxorem
696 707 803 784 duxit,
817 714 852 772 et
864 726 911 771 ex
929 726 971 772 ea
982 706 1149 775 Achillem
1163 730 1237 777 sue
1294 755 1297 762 »

150 808 250 890 ‚eupit
283 806 394 873 ,ovid
411 818 469 871 xt.
493 806 635 873 Metam.
652 806 730 871 265.
760 805 924 884 Catullus,
949 807 986 872 in
1007 809 1110 883 modu
1132 811 1236 877 citato

150 908 349 991 Epithalam.

192 1009 278 1073 Cum
294 1028 372 1074 vero
393 1009 527 1087 oracula
543 1018 721 1087 canerent,
745 1009 851 1075 titium
865 1010 902 1074 in
922 1010 1133 1093 expeditione
1153 1011 1237 1077 'lie-

145 1110 226 1192 jena
254 1129 422 1187 casurum,
445 1130 520 1175 eum
547 1108 706 1187 occuluit,
719 1113 755 1175 in
775 1111 891 1193 Scyro.
913 1109 1055 1186 Statius,
1071 1127 1097 1175 ι.
1111 1109 1235 1177 AchitL

149 1210 222 1275 24⁵.
265 1208 314 1275 At
329 1210 467 1293 Ulyssis
482 1209 564 1290 dulc
575 1210 706 1276 detecto
728 1228 821 1276 erma
835 1209 938 1280 dedit,
952 1226 1031 1293 qnte
1046 1209 1235 1287 Vulcanus,

149 1310 219 1391 ejus
234 1318 345 1375 motus
361 1310 532 1393 precibus,
546 1310 780 1388 fabricaverat,
799 1318 834 1375 et
849 1309 989 1383 artificio
1009 1310 1115 1375 multu
1136 1329 1236 1375 exur-

148 1418 290 1477 nuverat
335 1410 438 1476 Hom.
459 1410 502 1475 11.
516 1434 546 1494 ρ.
566 1419 601 1477 et
621 1411 720 1479 Ouid.
737 1427 826 1477 xm.
859 1411 997 1476 Metam·
1021 1410 1112 1494 apud
1136 1430 1235 1495 quem

149 1508 303 1593 Ulyssas,
317 1511 458 1597 Ajacem
473 1512 508 1577 iu
523 1517 722 1585 contemtum
737 1511 920 1591 adducens,
933 1513 1011 1577 288.

263 1613 412 1685 ,Scilicet
425 1612 551 1679 idcirce
565 1630 627 1697 pre
640 1617 719 1677 natu
738 1614 866 1679 cerula
878 1620 983 1679 mater

273 1712 465 1799 Ambitiosa
478 1732 541 1779 sne
553 1712 628 1791 fuit,
643 1718 679 1777 ut
699 1713 850 1783 cteleetia
864 1713 953 1778 dona

264 1812 369 1881 ,Artis
383 1832 470 1897 opus
481 1821 586 1881 tautae
598 1814 692 1879 rudis
706 1818 742 1878 et
754 1814 827 1880 sine
840 1820 975 1900 pectem
989 1813 1086 1879 mites

276 1912 463 1979 Indueret‘t

147 2011 284 2089 Verum,
304 2012 438 2079 Achille
460 2014 648 2095 interfecte,
662 2016 735 2083 haec
750 2034 844 2081 arma
858 2014 1055 2099 Graecorum
1077 2036 1234 2101 proceres

146 2108 266 2195 Ulysst
280 2113 530 2198 adjudicavere,
541 2114 651 2199 Ajuce
659 2116 814 2198 neglecto
823 2137 833 2197 3
843 2117 1116 2202 qui,iujeriarum
1127 2118 1235 2202 impa-

146 2212 243 2291 tiens,
254 2234 333 2278 ense
347 2216 436 2281 latus
457 2216 580 2280 hausit.
624 2216 728 2283 Ovid.
744 2232 836 2282 xrn.
858 2217 1000 2283 Metam.
1014 2218 1092 2283 ³90.
1135 2219 1235 2283 Post·

145 2332 186 2383 cs
207 2322 329 2393 men,
358 2334 478 2383 eversu
501 2316 619 2402 Trnja,
634 2317 767 2389 Grecis
788 2320 824 2385 iu
847 2320 966 2399 AEgcuu
990 2321 1075 2383 mari
1099 2319 1235 2383 naviam

146 2414 242 2480 ctade
264 2418 403 2495 attritis,
418 2416 563 2484 Achillis
588 2418 745 2504 clypeum
769 2418 804 2491 vi
827 2417 988 2486 ductuum
1006 2418 1050 2484 ad
1064 2417 1184 2502 Ajacis
1199 2416 1235 2481 in

10 2535 11 2570 2
145 2513 290 2584 Rhetaeo
312 2517 475 2584 turnuhnn
498 2519 654 2598 dehtum,
670 2527 833 2589 estanar
853 2519 982 2596 Graeci,
1010 2520 1190 2602 Authetcg.
1209 2535 1234 2582 1.

10 2611 11 2628 ¹
144 2615 197 2680 22
212 2617 245 2681 l.
259 2619 351 2702 apud
358 2617 540 2698 Alciaturn,
553 2621 599 2686 ad
613 2641 713 2688 suum
726 2621 784 2686 28.
798 2621 963 2688 Emblem.

185 2719 305 2784 ‘I'hetis
326 2721 413 2800 hac,
428 2740 520 2785 arma
532 2721 642 2786 serens
657 2720 794 2800 Achilli,
814 2727 849 2786 et
861 2722 895 2785 in
909 2720 1016 2786 incisa
1030 2718 1187 2796 Gemma,
1201 2725 1236 2784 et

144 2829 301 2905 argenteo
315 2822 448 2906 majoris
473 2822 599 2886 moduli
624 2828 795 2906 spectatur
818 2821 1053 2900 Numismate;
1073 2821 1124 2883 nti
1140 2818 1237 2884 docet

144 2923 345 3000 Gronovius,
358 2923 415 2987 ad
441 2920 859 3007 Dactyliothec.1r.622.
887 2919 1016 2986 Gemm.
1068 2917 1116 2983 At
1144 2916 1236 2983 vide-

145 3029 238 3088 antur
281 3023 324 3088 de
368 3023 592 3089 Numiematis
629 3022 696 3089 tide
726 3021 916 3099 Fabrettue,
946 3019 1036 3105 apud
1061 3019 1234 3102 Begernm,

143 3121 294 3188 Truicor.
308 3123 364 3188 82.

550 3331 601 3396 x,
644 3287 832 3399 smnus.

536 3464 616 3529 Lis.
639 3482 664 3528 1.
686 3465 777 3530 Car.
798 3467 851 3529 15.

173 3603 337 3668 ‘Porcum
351 3619 476 3668 marem
491 3601 527 3664 iu
541 3599 648 3666 iurum
664 3599 809 3665 medinm
823 3597 930 3664 afferri
938 3597 1048 3681 jubet,
1059 3615 1156 3682 quem
1170 3595 1205 3660 in

204 3702 291 3770 duas
304 3711 419 3785 partes
433 3707 618 3779 exsectum,
632 3699 759 3782 Orienti
773 3699 1015 3783 Occidentiqne
1028 3694 1170 3762 dividit?

173 3831 325 3898 ·Ftsutts
353 3833 475 3915 priscis
497 3833 544 3897 ita
564 3832 704 3910 dictum,
727 3831 819 3915 quod
848 3833 883 3896 tn
907 3851 950 3896 ee
968 3848 1085 3913 perca,
1105 3828 1233 3894 tendum
1299 3907 1304 3914 .

145 3933 276 4000 scilieet
296 3932 434 4011 animat,
451 3939 662 3998 mactaretur.

184 4033 289 4120 Apud
313 4033 501 4112 Romanus,
514 4034 687 4119 utriusque
701 4029 809 4118 gantis
822 4039 920 4116 pater
930 4037 1082 4115 patratus
1096 4025 1232 4109 arripie-

142 4133 201 4200 bat
223 4155 373 4221 pereum,
394 4141 432 4202 et
454 4134 521 4200 dtis
539 4135 707 4220 pangendi
729 4133 867 4200 faederis
890 4131 1033 4198 testibus
1052 4125 1233 4205 invocatis,
