2959 4875
414 369 463 418 nn
486 369 606 418 sunno
629 367 801 418 raornno
825 370 900 423 urs.
922 373 974 422 tv.
1164 361 1229 428 491

184 512 232 578 ht
244 511 409 578 Teuthras
424 513 479 576 uhi
493 511 577 576 dnra
587 511 687 592 regnis
701 512 845 578 insidere
859 514 953 580 tihris

143 611 270 691 Altius,
284 619 317 677 et
332 619 453 678 certam
468 613 654 678 minitantia
666 613 804 678 vulnero
816 623 959 682 mortem
1163 618 1229 684 430

142 715 259 780 Sentit.
305 713 405 778 Habe
419 713 561 791 Moesos,
574 713 693 796 inquit,
709 721 752 790 te,
768 715 929 798 Telephe,
940 723 1051 782 noster

141 813 260 878 Poscit
272 814 388 892 honos,
403 814 480 897 quis
495 814 582 878 enim
597 815 748 897 propior,
762 817 842 899 quis
855 817 986 899 dignior
999 819 1131 884 haeresi

141 915 199 979 Me
212 922 289 979 tuns
302 913 453 992 Alcides,
463 915 648 979 Thracensi
663 923 801 998 urgente
813 924 968 1000 tyranno,

140 1015 304 1082 Edomitis
318 1016 464 1080 absolvit
476 1017 584 1099 equis,
600 1019 791 1101 sceptrique
806 1020 952 1100 quictem

139 1116 272 1193 Sensit,
287 1124 321 1180 et
336 1122 480 1181 armatos
493 1117 528 1179 in
542 1133 659 1198 pncem
673 1118 816 1182 reddidit
830 1137 948 1184 annos.
1162 1121 1228 1186 435

139 1217 207 1280 His
221 1218 346 1281 meritis
361 1218 420 1280 tihi
435 1235 534 1299 regna
548 1217 678 1295 damus,
693 1237 773 1302 qnae
789 1219 913 1302 perlida
929 1219 992 1286 isti

139 1317 196 1382 lrs
208 1324 306 1399 neget
320 1317 470 1400 praedeta
484 1318 583 1383 mihi:
606 1324 638 1383 te
653 1319 762 1382 lenius
777 1326 902 1386 ostrum

138 1415 180 1480 Iu
194 1419 320 1482 senium
333 1437 493 1501 serosque
504 1419 577 1484 dies
590 1428 626 1484 et
639 1439 767 1485 summa
780 1430 928 1487 reservet

136 1519 314 1600 Tempora,
332 1537 432 1600 regno
447 1519 604 1586 hilarem:
630 1523 688 1585 vis
704 1522 789 1601 hrec,
802 1530 839 1586 ct
851 1523 970 1606 frigide
984 1523 1085 1588 fessis

137 1617 284 1701 Atropos
300 1620 562 1702 inserpitlobris,
577 1625 711 1687 tnrbats
723 1623 897 1704 rigescunt
1162 1625 1230 1690 440

136 1719 288 1795 Lumina,
303 1719 427 1784 hebent
440 1739 571 1800 sensus,
586 1724 730 1805 vivoque
745 1731 849 1787 exuto
862 1723 974 1788 calore

137 1820 292 1898 Membra
304 1823 379 1903 gelu
391 1822 512 1886 lethale
527 1825 638 1890 subit:
661 1843 755 1888 mens
769 1825 875 1889 libere
888 1825 1022 1889 tandem

135 1921 269 1999 Evolat,
285 1929 319 1986 et
330 1923 443 1987 socios
454 1925 540 1988 redit
550 1925 746 2009 inspectura
756 1925 909 1990 Triones.

176 2023 359 2105 Telephus,
374 2031 412 2089 ut
426 2044 553 2090 vscnos
565 2027 706 2111 spiranti
722 2027 884 2107 sangnine
897 2027 1010 2092 nultus

49 2167 54 2172 -
136 2123 320 2206 Conspicit,
335 2125 440 2190 effuso
456 2126 643 2192 miseranda
656 2128 692 2191 in
707 2126 944 2205 vnlneradetn,
1160 2127 1227 2191 445

137 2221 252 2288 Funus
266 2225 369 2291 herile
385 2229 502 2293 struit:
526 2229 688 2311 quicquid
699 2229 753 2292 vol
766 2229 892 2292 mulcet
906 2229 1020 2306 odore,

136 2319 203 2388 Vel
217 2326 336 2392 vinnte
347 2329 430 2411 ligat
442 2347 575 2407 uersos,
591 2337 752 2413 antrisque
763 2330 904 2394 fluentes

138 2423 303 2505 Continet,
314 2430 478 2511 aggeritur
492 2431 615 2497 husto:
638 2432 823 2515 compescit
836 2430 980 2497 hiantem

137 2528 266 2593 Dextra
281 2548 434 2611 premens
448 2533 565 2610 ictum,
575 2534 703 2597 dnxnm
719 2534 836 2597 domat
850 2541 944 2597 srcta
958 2549 1110 2595 cruorem

138 2627 271 2703 Fascia,
286 2634 321 2694 et
335 2632 493 2696 ohtrnsos
507 2632 630 2697 t'rustra
644 2636 745 2719 negot
758 2634 807 2697 ire
821 2637 962 2697 meatus·
1159 2631 1226 2695 454)

179 2728 289 2811 Regia
304 2733 497 2814 conspicuis
511 2736 618 2799 moles
627 2728 926 2817 inscripta'iignris,

621 2950 730 3003 NO'l'AE

166 3066 214 3113 nst
231 3062 367 3127 sceptrique
377 3064 477 3128 quietem
488 3065 589 3131 Sumit]
605 3068 657 3118 Pa·
697 3066 808 3117 Gemina
829 3078 861 3114 ex
880 3064 991 3129 'l'rrgico
1010 3064 1076 3114 citat
1097 3063 1224 3113 Philode

134 3139 186 3200 piu.
200 3139 245 3187 ‘et
258 3152 347 3201 pacem
358 3137 464 3189 inimice
475 3140 579 3189 sanxit!
697 3142 790 3192 Mundi
800 3141 942 3204 incorrupt.
950 3154 977 3203 p.
988 3143 1045 3189 tu.
1078 3140 1153 3188 Ennii
1162 3139 1223 3202 Epi-

164 3217 213 3263 444
229 3212 311 3264 &cina
326 3212 388 3264 redit
402 3216 536 3278 inspectura
548 3214 658 3278 mom]
697 3218 818 3268 rhemos
829 3224 898 3267 terra
910 3230 1005 3278 corpas
1022 3221 1071 3276 est,
1087 3214 1224 3264 atinensis

133 3289 225 3352 Papio.
243 3302 275 3338 rr.
300 3292 348 3339 ‘et
366 3290 469 3339 summis
488 3290 587 3353 apicem
607 3290 671 3345 sihi,
697 3292 832 3355 ignirent.
864 3291 934 3339 Vide
948 3289 1006 3340 Jos.
1020 3288 1145 3351 Scsliqsr.
1156 3288 1224 3339 Con·

132 3364 216 3427 poscit
237 3364 264 3413 ln
287 3363 382 3422 nstris:
406 3372 434 3415 et
458 3372 658 3430 ‘preruptoque
693 3364 1224 3431 jort.p.²t.28.'l'rlocesveroqnasite·

133 3439 321 3491 nuseitdiders
339 3442 546 3505 principiumque
566 3440 659 3492 sunm'
698 3444 803 3493 dones:
829 3442 923 3491 Festus
944 3440 971 3488 in
994 3438 1225 3501 ‘Septentriones'

132 3516 177 3565 Sic
186 3515 266 3565 vnde
274 3516 370 3565 metalli
378 3516 491 3567 fossore:
502 3516 659 3581 ‘Indignam
698 3519 784 3568 Varro
795 3530 833 3567 vr.
845 3515 880 3565 de
888 3516 975 3579 lingna
984 3514 1085 3564 Latina·
1107 3513 1224 3577 sanger

133 3601 186 3642 tens
208 3590 317 3639 cnlnrsm
337 3594 449 3654 propriis
470 3606 520 3642 nun
543 3591 658 3643 reddidit
698 3592 952 3657 inconjectpdid.
964 3587 1178 3648 nstriaderisst3
1194 3597 1224 3639 et

132 3666 226 3719 astris)
262 3666 353 3728 Stoici,
373 3666 530 3731 Pythagorei
547 3668 656 3718 anirnarn
697 3682 723 3732 p.
735 3672 776 3717 84.
793 3667 904 3717 Triones
914 3666 1223 3729 rerohicmdrffpro

131 3758 164 3793 ex
192 3741 269 3792 astris
296 3741 457 3793 derivabant.
498 3744 601 3794 laceret.
625 3757 656 3794 rr.
696 3743 928 3793 utriscumontnr.

132 3817 217 3883 'qnod
225 3817 327 3867 missum
336 3830 369 3865 ex
380 3816 551 3879 etherlsorir,
561 3816 592 3866 ld
602 3830 655 3866 rur·
726 3821 775 3867 451
793 3818 872 3879 Regin
882 3812 1024 3877 mnam]
1047 3813 1113 3864 Qun
1125 3811 1224 3861 Noster
1337 3868 1340 3873 ,

44 3950 45 3953 Ἴ
132 3908 186 3943 snm
203 3893 262 3944 cosli
275 3893 385 3941 relatum
396 3891 656 3955 templarsceptsnt.’
695 3891 729 3941 de
739 3891 911 3949 Teuthranie,
928 3899 1028 3937 veteres
1041 3901 1076 3936 ex
1095 3893 1171 3949 parte
1188 3886 1223 3935 ds

47 4022 52 4031 ‚
132 3968 298 4030 Epicharmus
307 3964 373 4029 spnd
386 3965 551 4015 Pictorehnrn
561 3966 587 4015 in
596 3980 656 4015 con·
695 3965 808 4027 Telepho
818 3962 961 4027 fingebant.
982 3963 1124 4011 Prussniss
1135 3961 1163 4009 in
1174 3960 1223 4010 Ar·

131 4043 205 4093 nolet.
217 4041 250 4091 sd
262 4042 347 4105 Apoll.
362 4040 482 4105 mucio„
498 4040 537 4091 rel
552 4041 658 4104 διεκρίθη,
695 4040 887 4102 οιάἰοίιρ.444.
901 4051 1012 4101 pugnam
1023 4036 1130 4085 Achillis
1141 4036 1232 4087 et'l'e·'

132 4116 294 4178 colluitur,
304 4114 511 4175 devincendis
524 4118 559 4177 pa
571 4114 616 4177 ptr
625 4115 657 4167 etr
695 4115 765 4179 lephi
777 4114 854 4163 stiam
864 4128 912 4164 sua
922 4118 1000 4163 atate
1011 4113 1114 4176 pictura
1124 4124 1219 4162 menno·

131 4192 187 4255 priv,
198 4194 287 4253 πνιῦμι
296 4191 321 4243 δὲ
331 4190 386 4242 dm·
401 4191 427 4242 ri
437 4195 484 4242 τᾶν
492 4191 517 4243 dl
530 4191 656 4256 χοληδνς
697 4190 804 4243 rabilem
815 4188 895 4239 foisse
905 4186 978 4240 dicit.
