2959 4875
391 366 440 415 ns
463 364 642 417 ursuours
669 363 783 421 ussus
805 362 980 421 ssorum·
1185 352 1228 419 ta

122 516 247 583 ideirco
263 516 425 603 suspicer
445 516 559 594 imme,
582 514 732 583 libellum
745 514 846 594 hunc,
859 515 919 599 qni
945 520 1073 582 tentum
1088 534 1159 600 pree
1187 536 1227 583 se

123 620 247 685 lerebst
257 619 514 706 antiquitatem,
530 624 564 685 et
585 618 621 685 iu
635 638 704 704 quo
728 618 821 687 uaris
836 614 1021 685 Historicae
1043 616 1122 683 fidei
1136 636 1225 701 prm-

123 726 211 787 textu
226 728 461 789 memorentur
474 720 626 798 oracula,
641 718 815 797 vaticinia,
835 718 1001 803 prodigia,
1015 726 1138 785 eventu
1162 740 1226 784 suo

123 824 263 901 mute,
277 823 390 889 multu
404 823 509 887 etism
533 821 691 891 vindictoe
713 822 864 890 Deorum
879 820 1097 887 lithnicorum
1111 821 1147 885 in
1162 822 1225 887 im·

122 924 196 1007 pios
209 929 243 988 et
258 923 318 989 sui
330 930 561 991 contemtores
576 925 745 1010 exemplu,
758 924 864 991 veluti
876 925 913 988 in
928 923 1224 1005 Agamemnonem,

123 1026 178 1108 qui
199 1026 330 1093 Diuum
346 1045 486 1110 coprem
496 1026 620 1111 jaculis
633 1026 834 1093 confixerat:
856 1025 890 1089 iu
905 1023 1059 1102 Grecos,
1075 1022 1225 1110 Chrysen

123 1124 335 1193 secerdotum
350 1126 521 1212 Apollinis
535 1132 771 1211 aspernantes:
794 1128 829 1192 iu
850 1125 969 1204 Porio,
982 1127 1041 1209 qui
1056 1124 1223 1191 Achillem

124 1228 163 1291 ud
177 1246 271 1293 crum
284 1226 464 1312 Apollinis
477 1228 662 1295 occideret:
685 1230 718 1294 in
731 1228 874 1295 Grecos
895 1228 1026 1305 iterum,
1040 1228 1155 1292 omnio
1168 1246 1226 1296 su·

122 1346 176 1393 cru
188 1328 353 1395 incendio
367 1328 517 1415 Trojano
532 1330 711 1407 violentes,
726 1328 822 1395 illum
837 1347 915 1412 ergo
937 1329 1085 1395 libellum
1101 1347 1123 1394 n
1137 1328 1225 1410 Sep·

122 1430 213 1495 timio
235 1438 325 1495 tnnc
346 1448 389 1495 eo
409 1430 625 1514 potissimum
651 1432 765 1497 animo
795 1449 941 1510 versum,
956 1438 995 1497 nt
1008 1430 1113 1497 veluti
1139 1430 1225 1497 enti·

122 1530 275 1615 quissimi
287 1533 455 1613 temporis
469 1532 619 1611 historin,
635 1534 679 1599 cb
702 1532 838 1597 homine
849 1534 996 1600 omnium
1011 1552 1120 1598 rerum
1135 1536 1224 1598 teste

122 1633 296 1699 etsrbitrc
319 1633 527 1717 conscriptu3
542 1652 582 1699 uc
606 1634 755 1699 Deorum
776 1632 991 1699 Ethnicorum
1013 1632 1223 1716 majestatem

121 1738 154 1799 et
173 1734 366 1817 potentium
393 1741 447 1799 tot
470 1735 636 1819 exemplis
659 1753 828 1814 esserum,
851 1733 1017 1817 Historiis
1045 1734 1161 1799 Secum
1187 1740 1224 1799 et

122 1831 328 1902 Christianis
354 1836 390 1902 in
412 1834 512 1901 ltuliu
535 1855 576 1903 uc
597 1837 679 1901 urhe
694 1834 807 1902 Ηοωα
820 1842 1056 1920 opponeretur.
1097 1831 1152 1904 Ac
1165 1852 1223 1917 ne·

122 1936 192 2001 scio
222 1954 269 2002 eu
293 1936 366 2003 tole
385 1935 468 2021 quid
490 1936 525 2001 in
547 1936 613 2005 tine
636 1935 802 2022 Epistoloe
828 1936 1044 2021 Septimianae
1064 1935 1222 2016 extiterit,

122 2036 211 2119 quod
223 2028 359 2105 lih'rurii
374 2038 533 2123 deinceps
548 2038 731 2107 Christiani
745 2038 897 2105 consulto
910 2038 1090 2105 omiserint.
1126 2037 1222 2105 Certe

122 2138 247 2223 uliqnid
262 2140 365 2207 isthic
394 2140 551 2207 extitisse
577 2139 719 2219 videtur,
743 2138 835 2224 qood
863 2138 899 2204 iu
926 2138 1064 2223 legendo
1093 2138 1222 2225 Dietyn

123 2238 305 2323 Septimius
329 2239 490 2309 Rufinum
516 2248 553 2307 et
580 2240 666 2309 ulios
691 2240 838 2309 lectores
865 2241 1082 2325 potissimum
1104 2248 1222 2309 uetere

124 2341 282 2408 voluerit.

164 2459 328 2513 xxxvii.
351 2443 568 2530 Quapropter
577 2443 675 2518 ,huud
688 2441 737 2508 its
751 2440 856 2513 luciis,
867 2441 1065 2508 accesserim
1080 2439 1220 2525 Vossio,

124 2546 179 2628 qui
200 2546 407 2630 Septimium
428 2545 587 2632 ‘saeenlls
608 2546 740 2630 aliquot
767 2551 850 2627 post
873 2543 1083 2609 Constantini
1110 2565 1221 2614 sevum

123 2647 250 2714 vuius
266 2645 408 2726 esest:
427 2627 489 2712 sse
503 2647 603 2712 naue
627 2646 727 2732 pune
752 2643 938 2712 moenibus
959 2643 995 2709 u
1008 2645 1158 2711 mserum
1171 2645 1222 2712 u·

123 2745 210 2813 lstis.
250 2747 372 2816 Josiss
385 2747 562 2816 hlercerus
583 2754 665 2831 post
679 2745 936 2812 Constantinum
954 2765 1091 2832 qpoque
1116 2749 1222 2834 scrip·

125 2848 208 2916 sisse
222 2853 336 2934 putet,
351 2849 411 2918 sed
426 2849 515 2914 sutili
527 2867 667 2934 prorsus
681 2853 885 2931 argumento,
900 2847 984 2933 quin
998 2847 1074 2914 scil.
1087 2849 1122 2914 in
1136 2849 1220 2917 Pro·

124 2947 197 3033 logo
218 2951 308 3021 liber
328 2949 425 3016 hicce
444 2957 595 3033 tempore
610 2948 761 3015 Neronis
775 2948 929 3014 inventus
944 2947 989 3014 ed
1005 2947 1115 3018 Crete
1131 2949 1220 3017 Gou-

125 3051 269 3118 sulsrem
293 3051 445 3137 perlutus
469 3051 601 3131 dieitur,
615 3067 693 3136 quer
709 3047 946 3119 Consularium
968 3052 1003 3116 in
1025 3051 1219 3126 Provinciis

125 3153 309 3236 appellatio
324 3171 347 3217 u
359 3150 575 3220 constentino
589 3151 634 3218 sit
648 3150 807 3235 profectu
850 3149 919 3217 Sed
933 3150 1055 3216 tdsnm
1068 3151 1219 3219 hocessc

124 3253 239 3322 multis
269 3255 428 3340 prohuvlt
462 3251 609 3318 Merceri
624 3271 722 3337 gener
757 3251 922 3320 Claudius
957 3253 1148 3318 Salmasius
1172 3253 1218 3320 ed

125 3351 290 3438 Spertimui
312 3355 524 3422 Hadrianum
546 3373 578 3422 c.
591 3353 645 3420 22.
669 3359 706 3420 et
722 3354 796 3438 ium
809 3359 885 3418 unte
898 3353 988 3419 hunc
1001 3353 1115 3420 Guido
1130 3353 1219 3428 Pen-

127 3456 260 3528 cirollus,
272 3455 315 3522 sd
331 3454 499 3526 Notitiam
515 3454 655 3539 Imperii
670 3455 819 3520 Orientis
833 3455 908 3520 leo.

164 3572 347 3622 xxxvtll.
368 3555 487 3638 Longe
501 3564 613 3622 eutem
629 3558 760 3641 turpius
773 3576 810 3621 sc
823 3555 918 3623 dedit
930 3555 995 3621 huc
1010 3556 1045 3622 in
1058 3576 1093 3624 re
1107 3558 1218 3645 Gusp.

126 3657 309 3745 Scioppius
338 3655 529 3726 Porudoxis
552 3657 728 3724 Literuriis
754 3655 865 3743 Epi.
887 3658 944 3724 uhi
965 3659 1051 3726 hunc
1072 3661 1217 3746 Dictyos

125 3757 311 3828 Ηίσιοήιω
327 3759 395 3826 ‘ud
411 3757 599 3826 comelium
614 3758 783 3843 Nepotem
797 3764 833 3826 et
846 3759 921 3845 ejus
935 3761 1013 3846 styli
1028 3762 1220 3828 similitudi·

126 3881 195 3930 nem
223 3861 380 3947 proxime
403 3859 584 3926 accedere'
605 3859 665 3937 nit,
680 3866 717 3924 et
738 3862 898 3926 ‘omnino
927 3857 1064 3940 Velleii,
1087 3861 1218 3930 Valerii

126 3962 279 4044 Maximi,
292 3967 328 4028 et
341 3961 448 4028 Curtii
460 3967 558 4036 aeteto
580 3963 625 4028 sb
640 3959 806 4045 elegantis
827 3960 951 4046 ingenii
964 3961 1096 4028 homine
1108 3964 1217 4048 scrip·

126 4065 205 4137 tum’
219 4063 407 4134 contendit.
454 4060 597 4130 Videtur
609 4082 688 4148 ergo
702 4064 809 4132 stille
821 4065 1047 4141 existimasse,
1062 4081 1126 4129 uon
1138 4083 1217 4134 esse

129 4186 250 4242 remum
278 4185 329 4237 ex
352 4163 578 4245 Greecmscd..
593 4167 715 4241 Latine
738 4165 896 4251 primitus
917 4165 1152 4250 compositum,
1179 4169 1216 4240 id
1239 4241 1246 4266 ,
