2959 4875
242 368 286 435 26
499 384 578 431 irc.
603 380 798 431 rsnrzmrrr
823 378 1081 430 nrssuursrro·

243 528 412 611 ‘quinque
434 526 469 589 in
482 544 586 589 unum
602 523 790 605 redegisse'
811 524 871 601 sit,
894 524 929 587 id
955 544 1036 590 vcro
1059 524 1142 589 lovis
1164 544 1206 589 nc
1222 525 1337 591 tenuis

243 634 295 695 est
313 628 554 709 discrepuutim,
570 646 646 691 cum
661 625 841 690 facillimos
853 632 889 689 et
907 627 1123 691 creberrimus
1137 626 1173 689 in
1189 629 1335 691 numeris

243 729 451 795 librariorum
479 728 524 791 sit
543 728 682 811 lapsus:
705 735 744 789 ut
762 725 847 790 adeo
869 746 1006 810 prorsus
1026 734 1153 811 putem,
1166 727 1224 791 rel
1239 727 1334 809 spnd

245 828 384 895 Suidsm
405 828 579 909 legendum
593 826 671 906 δέκα,
686 829 737 893 rel
760 829 873 910 potius
886 828 977 912 apud
1000 828 1211 913 Septimium,
1232 828 1336 892 ‘resi-

246 929 313 994 dua
328 925 491 1011 quatuor!

288 1048 353 1095 vu.
376 1029 533 1111 Denique
543 1030 644 1094 sicuti
659 1036 774 1095 noster
790 1030 912 1114 Dictys
924 1030 1038 1112 seipse
1050 1030 1100 1094 sit
1112 1047 1146 1092 v.
1165 1031 1214 1094 17.
1230 1030 1338 1113 scrip-

248 1134 334 1196 sisse
347 1132 414 1195 hoo
438 1150 524 1213 opus
549 1132 672 1195 ‘literis
693 1132 835 1196 Punicis
851 1133 894 1196 ab
920 1131 1050 1195 Gsdmo
1072 1131 1256 1213 Duusoqne
1271 1137 1338 1195 tre·

247 1230 348 1309 ditis:
371 1232 420 1295 sic
435 1240 469 1295 et
483 1230 625 1296 Graecus
640 1232 794 1313 Scriptor
814 1234 847 1296 in
872 1232 1120 1312 Prolegomeuis
1134 1229 1340 1307 Rhetoricis,

249 1332 370 1397 citatus
386 1334 430 1397 ab
454 1332 578 1395 Aliutio
601 1330 642 1395 de
668 1330 785 1396 Putris
799 1332 854 1395 59.
896 1330 1062 1414 ‘Dictyn'
1086 1330 1256 1409 Groecum,
1276 1350 1340 1395 seu

249 1432 462 1509 ‘Gnossium
477 1434 632 1496 comitem
647 1430 842 1508 Idomenei:
868 1432 979 1509 tradit,
992 1429 1167 1517 συγγράψαι
1189 1435 1236 1495 ris
1250 1440 1343 1518 Tent-

253 1534 301 1596 κὸν
314 1531 436 1615 simper
452 1530 585 1597 Φοινίκων
598 1530 781 1617 ypspprirrr,
794 1529 981 1609 rir'Empsr
995 1530 1062 1597 riri
1075 1535 1129 1597 issi
1146 1533 1263 1614 Κάδμου
1279 1558 1344 1612 μι-

251 1634 340 1708 time
356 1636 491 1719 Ιχρῶιτο,
514 1635 715 1717 ‘scripsisse
736 1634 921 1719 Trojnnum
937 1634 1062 1699 bellum
1081 1635 1188 1698 literis
1203 1634 1344 1699 Phoeni·
1382 1642 1388 1647 '

251 1756 340 1811 eum,
353 1736 475 1819 quibus
485 1734 597 1800 Graeci
610 1743 691 1799 tunc
705 1754 726 1799 a
738 1733 869 1799 Cadmo
884 1736 1038 1818 acceptis
1053 1731 1248 1799 utebantur!
1290 1735 1347 1798 De

251 1836 303 1900 his
318 1835 422 1900 literis
438 1855 573 1917 agemus
588 1834 756 1920 deinceps,
764 1836 901 1920 quondo
912 1836 1141 1919 probabimus,
1149 1835 1345 1917 nentiquam

252 1938 359 2003 fuisse
382 1951 551 2001 auctorem
576 1945 725 2000 nostrum
745 1936 901 2019 Ci'rojsuis
926 1936 1134 2019 temporibus
1162 1936 1344 2019 equalem,

253 2035 344 2120 quod
365 2055 434 2119 prae
457 2056 494 2100 se
522 2036 594 2099 sert.
640 2035 742 2101 Nunc
765 2034 887 2100 sufficit
909 2045 1026 2101 nostro
1044 2036 1209 2113 instituto,
1232 2035 1348 2101 declu-

253 2142 452 2207 russeetism
469 2141 584 2205 harum
595 2141 764 2205 literarum
775 2146 978 2223 argumento
991 2141 1127 2224 Dictyn,
1139 2158 1208 2223 quo
1217 2138 1347 2218 Greci,

256 2250 373 2325 etque
388 2242 569 2325 Septimius
583 2242 639 2307 hio
655 2247 708 2305 est
721 2260 815 2318 usus,
822 2240 928 2306 inisse
939 2241 1093 2306 eundem.

299 2360 381 2407 vru.
405 2343 472 2408 Sed
487 2344 539 2407 rel
554 2344 698 2407 maxime
721 2343 757 2406 id
770 2344 875 2427 liquet
889 2361 934 2407 ex
955 2342 1037 2408 Joh.
1060 2341 1202 2421 Mutela,
1218 2343 1248 2406 si
1267 2362 1349 2407 cum

254 2453 370 2510 nostro
386 2444 573 2510 conferetur
588 2445 785 2528 Septimio'
775 2464 811 2508 ιιι
831 2445 888 2521 iis,
903 2463 980 2526 quas
1002 2463 1046 2508 ex
1069 2445 1194 2529 Dictys
1208 2464 1247 2509 se
1261 2443 1352 2510 hnu-

257 2547 343 2611 sisse
357 2546 533 2630 profitetur.
575 2546 673 2610 Adeo
687 2547 774 2610 enim
789 2552 976 2628 congruunt
996 2545 1108 2622 isthic,
1131 2565 1197 2610 nou
1219 2545 1255 2610 in
1276 2545 1353 2611 his-

257 2647 379 2712 torism
401 2652 538 2724 tentum,
554 2646 614 2712 sed
635 2655 670 2712 et
690 2649 725 2711 in
747 2648 897 2712 ordinem
918 2667 1023 2711 rerum
1045 2666 1088 2712 sc
1101 2648 1293 2724 verborum,
1307 2656 1355 2712 nt

258 2767 371 2814 cuncus
386 2767 463 2812 esse
482 2748 603 2813 debeat
625 2757 686 2814 aut
706 2750 906 2828 obstinatus,
920 2751 978 2832 qui
997 2756 1109 2832 neget,
1124 2749 1220 2814 ilium
1244 2749 1354 2814 hebn-

258 2851 328 2913 isse
355 2854 514 2927 nostrum,
544 2849 605 2914 sed
633 2850 790 2916 Graecum
819 2857 942 2928 minen,
966 2851 1090 2934 Dictyn
1115 2857 1195 2914 ente
1219 2851 1352 2915 oculos.

259 2951 452 3033 Specimins
466 2952 621 3035 qnaedum
635 2952 841 3035 proferemus
856 2971 949 3029 mox,
966 2961 1002 3015 ut
1014 2951 1243 3030 ostendemus,
1265 2952 1356 3035 Sep·

260 3054 389 3116 timium
404 3073 448 3116 ex
465 3051 585 3117 Graeco
601 3052 729 3135 Dictys
743 3053 831 3116 hono
846 3054 1066 3117 concinnasse
1078 3051 1285 3116 Versionem.

305 3169 360 3216 rx.
384 3152 493 3216 Multo
508 3160 619 3218 tumen
632 3161 670 3217 et
691 3153 760 3218 niis
779 3152 894 3231 hebet,
908 3172 986 3235 quie
999 3152 1089 3235 opud
1106 3152 1269 3217 Nostrum
1284 3173 1357 3219 nou

261 3255 582 3338 compensationis
606 3253 707 3318 etiarn
731 3253 838 3318 aliter.
881 3253 1011 3318 Prioris
1036 3254 1165 3335 generis
1181 3259 1259 3318 snut
1273 3249 1358 3319 ohi-

261 3361 409 3418 rscteres
432 3359 465 3417 et
485 3352 722 3436 descriptiones
754 3353 949 3420 Graecorum
969 3353 1258 3438 'l'rojnuorumque
1281 3355 1359 3420 Dn-

262 3473 340 3518 cum
354 3473 395 3518 sc
412 3453 651 3532 Matronsrum,
667 3473 753 3538 quus
778 3453 938 3530 Meletos,
961 3461 995 3518 et
1016 3454 1137 3518 Isscus
1161 3456 1359 3540 Porphyre-

262 3555 392 3634 genitus
413 3555 534 3635 puriter
548 3573 591 3618 ex
608 3554 731 3638 Dictys
747 3555 909 3620 sumsisse
921 3575 959 3620 se
972 3555 1118 3634 tradunt,
1139 3555 1221 3621 licet
1234 3557 1302 3640 ipsi
1323 3560 1359 3622 iu

263 3652 374 3716 verbis
397 3653 538 3716 multum
564 3673 699 3738 qnoque
716 3657 804 3720 inter
824 3675 862 3719 se
885 3675 977 3740 saepe
998 3658 1135 3734 diversi,
1149 3664 1183 3722 et
1208 3677 1296 3741 quus
1321 3659 1359 3722 in
1419 3681 1423 3684 ·

262 3760 381 3817 nostro
402 3753 521 3835 Dictys
536 3753 658 3819 frustm
672 3775 824 3838 quaerss:
847 3777 917 3841 qno
932 3764 1127 3839 argumento
1141 3757 1251 3823 Junus
1267 3757 1360 3824 Rut-

265 3854 393 3936 gersius
407 3852 489 3917 Ver.
512 3854 607 3920 Loci.
624 3874 657 3921 v.
680 3857 735 3922 20.
759 3860 818 3922 nbi
842 3858 935 3924 Isuci
956 3858 1119 3942 Porphyr.
1134 3857 1360 3926 characteres

265 3973 310 4018 ex
324 3953 419 4018 Meto
441 3951 756 4024 Amsteltedameusi
771 3961 916 4038 exhibet,
928 3979 1005 4024 eum
1019 3967 1134 4026 censet
1148 3965 1159 3996 ‘
1171 3969 1230 4026 sut
1241 3962 1361 4039 ulium,

267 4073 369 4140 qunrn
390 4075 451 4120 uos
476 4056 649 4137 hebemus,
670 4059 828 4126 habuisse
852 4062 1004 4144 Dictyrn,
1025 4070 1086 4127 eut
1105 4064 1264 4128 memorie
1284 4063 1362 4147 lop-
