2959 4875
233 316 298 383 10⁴
580 328 743 379 nrorros
768 326 976 377 oanruasrs

234 476 385 545 cunctos,
406 470 487 553 quid
511 471 672 553 agendam
693 470 764 547 sit,⁹
788 470 945 534 consulit.
989 469 1057 535 Sed
1072 471 1267 555 priusquam
1282 488 1326 536 ex

234 592 324 639 more
347 573 523 637 sententiae
547 570 748 648 dicerentur,
769 568 898 652 reguli<¹
921 570 1098 635 concilium
1120 578 1254 653 repente
1284 573 1329 635 ir·

234 682 399 757 rumpam,
421 680 523 756 atque
545 672 723 738 inconditis
746 672 897 736 moribus
922 672 1047 735 malum
1072 672 1209 753 singulis
1234 672 1330 737 mini·

233 780 353 851 tantur,
368 775 398 838 ai
412 774 518 851 aliter,
531 794 633 859 quam
647 774 733 856 ipsis
749 773 922 848 videretur,
933 772 1154 837 denumerent.
1191 772 1330 839 Interim
1357 856 1361 863 A

234 875 343 939 omnis
358 874 503 957 populns
518 875 653 955 indigne
676 873 860 937 admissam
877 872 1044 957 iujuriam,
1066 878 1164 955 atque
1186 873 1221 936 iu
1241 874 1330 937 huuc

232 975 367 1040 moduni
382 975 489 1039 multu
503 974 582 1050 aliu,
596 992 670 1037 cnm
684 972 900 1037 execratione
916 972 1139 1037 reclamabat·
1183 970 1238 1036 Ob
1252 992 1331 1057 quaa

233 1075 426 1141 Alexander
449 1074 606 1157 cupidine
635 1074 738 1138 animi
761 1092 922 1156 praeceps,
948 1074 1133 1137 veritusne
1162 1074 1244 1157 quid
1270 1072 1332 1139 arl-

234 1196 366 1241 versum
388 1196 424 1239 se
440 1176 702 1259 coenulentus
724 1177 874 1251 oriretur,
897 1174 1044 1256 stipatus
1066 1176 1203 1239 armatis
1224 1172 1333 1238 iratri-

234 1280 298 1343 bus
326 1279 491 1360 impetum
520 1278 555 1341 in
583 1274 827 1341 multitudinem
854 1274 949 1350 facit,
975 1273 1115 1338 multos·
1139 1275 1332 1339 obtruncat:
1410 1348 1417 1357 ,

232 1378 353 1460 reliqui
374 1378 560 1443 interventu
574 1395 761 1459 procerum,
783 1373 843 1459 qui
864 1374 899 1437 in
915 1374 1059 1438 concilio
1082 1374 1224 1452 fuerant,
1247 1374 1334 1439 duce

233 1476 416 1542 liberantur
430 1475 609 1541 Antenore.
653 1477 707 1541 lta
727 1475 861 1539 iniectis
885 1476 998 1551 rebus,
1020 1476 1165 1558 populus
1187 1479 1335 1540 contem·

235 1578 286 1639 tui
320 1577 469 1654 habitus,
497 1597 566 1641 nou
595 1577 669 1641 siue
693 1576 842 1658 pernicie
869 1571 967 1651 sual
1001 1575 1137 1639 domum
1166 1574 1335 1638 discedit*

235 1676 299 1760 [9.]
322 1677 411 1741 Dein
434 1686 555 1743 secuta
569 1677 623 1742 die
638 1696 699 1741 rex
719 1675 851 1739 hortatu
876 1675 1032 1739 Hecubae
1054 1674 1220 1739 Helenam
1237 1675 1333 1751 adit,¹

217 1796 381 1867 ,eamque
396 1781 536 1861 benigne
556 1779 715 1853 salomas,
729 1776 855 1839 bouum
870 1774 1019 1839 animum
1044 1776 1093 1839 uti
1117 1782 1242 1857 gereret
1255 1774 1335 1839 hor·

239 1884 340 1955 tatur,
355 1898 434 1961 qum
448 1880 610 1961 cujusque
623 1885 739 1954 csset,⁸
760 1877 907 1960 requirit.
950 1876 1039 1941 Tum
1060 1874 1132 1953 illa,
1147 1872 1334 1940 Alexandri

242 1994 280 2041 se
302 1976 430 2042 affinem
451 1978 637 2061 respoudit,
657 1978 831 2062 magisque
845 1977 888 2041 ad
904 1976 1074 2041 Priamum
1090 1982 1127 2040 et
1142 1974 1333 2053 Hecubam,

240 2096 342 2159 qnam
367 2079 410 2142 ad
433 2078 613 2144 Plisthenis
633 2077 722 2142 filios
746 2095 866 2159 genere
888 2064 1056 2160 pertinere,
1077 2082 1232 2159 repetens
1246 2074 1338 2139 ordi-

241 2184 345 2241 nem⁴
365 2198 496 2243 omnem
511 2179 694 2263 majorum:
721 2178 875 2241 Danaum
890 2177 977 2241 enim
1002 2184 1105 2259 atque
1121 2172 1335 2258 Agenorem¹¹

244 2284 279 2341 et
300 2280 354 2342 sni
369 2289 404 2342 et
416 2278 542 2344 Priami
565 2280 693 2362 generis
716 2283 866 2343 auctores
888 2298 978 2343 esse.
1023 2276 1179 2359 Namque
1203 2294 1248 2341 ex
1264 2274 1340 2339 He-

244 2378 359 2444 siona⁵
387 2380 498 2445 Danai
523 2380 604 2458 filia,
627 2385 661 2445 et
682 2376 833 2459 Atlante,
855 2375 1019 2445 Electrum
1040 2386 1163 2450 numm,
1177 2396 1339 2463 quamex

247 2686 328 2736 beatae
347 2685 452 2748 conjicit
473 2685 636 2760 dienen-⁰
661 2685 758 2761 Delph.
783 2683 1152 2760 Deir....eaaat.-1Delqlr.
1171 2685 1340 2747 nam.-

247 2753 264 2799 2
281 2749 378 2814 Delph.
388 2751 551 2800 dium-3
563 2749 661 2814 Delon.
670 2751 766 2800 neue
776 2780 798 2799 ..
807 2750 939 2800 adiit-l
951 2750 1048 2812 Delon.
1058 2755 1232 2811 wem-t
1241 2747 1341 2812 Delpla

740 2906 848 2958 NO’l'AE

279 3019 291 3052 ⁴
308 3017 408 3080 Regali]
429 3017 489 3067 Pitii
506 3017 612 3068 Priami.
643 3018 773 3070 Putabam
813 3035 897 3070 noue:
912 3021 1072 3071 ‘Hortamur
1089 3017 1137 3068 farl
1148 3033 1199 3084 quo
1214 3021 1340 3083 sanguiue

247 3090 492 3158 legendun‘regti:
502 3094 775 3156 ntaubiutellieeretur
813 3103 910 3156 eretur,
921 3096 1023 3148 Quidve
1037 3095 1115 3154 ferat,
1131 3103 1267 3158 moret,
1280 3111 1340 3161 quar

249 3167 363 3234 ‘pueri’
394 3167 447 3216 Sed
459 3169 498 3218 ita
509 3169 580 3233 loqui
591 3177 661 3218 araat
673 3170 776 3234 ltictya.
814 3169 1058 3233 aittlduriacapto!
1090 3169 1166 3222 Quod
1178 3169 1200 3218 al
1212 3170 1276 3220 illud
1288 3187 1339 3222 uon

247 3247 291 3298 Sic
302 3242 448 3305 inira‘Et
463 3244 557 3308 reliqai
573 3243 674 3308 regali,'
688 3245 722 3293 de
733 3246 775 3294 ita·
815 3250 946 3309 peterent,
972 3244 1100 3301 dicebant,
1131 3245 1264 3311 ‘quiaquia
1292 3247 1341 3297 aa·

249 3322 318 3372 dem.
815 3319 899 3380 Idem,
920 3317 985 3369 inid.
1015 3319 1158 3383 ‘nunquia
1178 3335 1215 3384 ea,
1232 3323 1341 3374 miaaoa

280 3392 474 3455 metatu]
500 3393 652 3445 Reclamare
671 3395 777 3458 proprie
814 3395 873 3446 hine
885 3395 1103 3460 jamubliriaeere
1114 3396 1224 3448 Graloat
1244 3399 1343 3451 Noster

250 3479 292 3521 eat
302 3469 493 3530 contradicere,
504 3483 632 3532 renouare,
644 3470 776 3534 refragari.
816 3469 887 3520 aria!
909 3469 983 3520 Idem
995 3479 1023 3520 et
1035 3471 1130 3521 lirina.

250 3547 348 3592 Verum
358 3543 399 3591 iric
410 3544 544 3604 usurparit
555 3558 602 3606 pro
612 3547 708 3610 amplae
723 3547 776 3597 cla·
848 3545 979 3595 'Dm
987 3545 1125 3609 niteatque
1131 3545 1277 3612 nmen]
1288 3548 1343 3600 Aa·

250 3633 329 3670 arare.
371 3617 452 3680 Cujus
473 3615 668 3680 significationis
687 3635 774 3672 exera·
816 3619 1216 3686 tequamadDauaietAqeuorle
1224 3631 1343 3687 posterna

252 3696 323 3758 plum
334 3692 431 3742 frustra
442 3691 503 3740 alibi
515 3707 624 3756 querar.
815 3694 959 3757 deveniret,
970 3695 1050 3756 ipaiua
1069 3696 1152 3745 Danai
1169 3701 1197 3747 et
1215 3697 1344 3761 Agenoris

282 3769 293 3805 ¹
309 3772 364 3821 Noa
373 3769 600 3833 rieepenieieeaa]
621 3771 690 3823 Quia
699 3772 775 3824 multi
815 3770 1014 3832 cognationum
1032 3771 1121 3819 oculos
1143 3773 1262 3834 menda
1282 3773 1343 3838 init,

251 3846 322 3896 cael.
815 3857 873 3908 quae
894 3844 954 3893 talia
969 3851 1026 3904 eat;
1043 3845 1183 3908 Neptunus
1203 3860 1236 3896 ex
1259 3848 1343 3913 libya

281 3927 295 3964 ι
313 3922 373 3976 Qu
390 3919 500 3982 caiusque
515 3919 586 3982 Μ]
605 3921 665 3972 lluc
679 3920 776 3984 agebat
815 3919 911 3980 gannit
923 3919 1014 3968 Belum
1037 3924 1066 3969 et
1084 3917 1241 3983 Agenorem,
1262 3923 1343 3975 Belua

249 3995 377 4055 Priamus,
389 4002 417 4044 ut
428 4009 443 4043 a
455 4008 483 4044 ee
498 3995 619 4044 iuvidiam
634 4005 773 4046 amorerat.
815 3995 948 4044 Dauanru:
958 3994 1106 4057 aiedssenor
1114 3995 1343 4048 Danalinltaruu-

248 4071 407 4118 limantem
419 4068 461 4117 ilie
473 4069 584 4118 solennia
594 4083 650 4118 moa
659 4071 686 4118 la
697 4069 774 4120 fidem
815 4069 896 4123 uulua,
907 4082 996 4118 aoruru
1008 4074 1094 4119 autem
1105 4075 1223 4135 portmor
1234 4072 1271 4122 aiu
1282 4087 1343 4137 per·

248 4142 445 4206 recipientium:
462 4142 500 4192 aie
512 4142 582 4206 apad
592 4143 685 4206 virgil.
691 4142 725 4193 de
735 4143 776 4194 Sl·
815 4142 932 4207 aequitur
942 4142 1044 4207 Dictys.
