2959 4875
699 363 787 411 nvn.
810 363 921 411 smus

575 648 800 725 TABULA
853 648 1081 734 QUINTA.

374 960 378 967 .
411 904 546 970 xxv.
591 902 909 983 inrumpunt,
933 920 1018 971 nv:
1041 905 1196 973 runis.
1336 862 1339 869 ’

549 1056 553 1065 ’
662 1070 742 1135 Lrn.
760 1087 785 1133 r.
808 1069 900 1135 Ger.
915 1071 949 1135 3.

263 1242 274 1272 ‘
289 1236 357 1303 Per
370 1238 459 1302 idem
472 1244 604 1320 tempus
620 1233 816 1299 Alexander
829 1234 1005 1321 Phrygius,
1020 1234 1146 1299 Priami
1160 1232 1260 1312 filiun,
1276 1253 1352 1298 cum

305 1340 414 1403 AEnen
437 1338 580 1420 aliisque
601 1355 646 1400 ex
669 1338 957 1421 consanguinitate
972 1338 1157 1415 comitibus,
1172 1337 1303 1420 Spertae
1317 1336 1352 1399 in

306 1437 440 1502 domum
456 1436 603 1502 Menelai
619 1437 767 1519 hospitio
789 1445 963 1522 exceptus,
987 1437 1248 1521 indignissimum
1269 1438 1352 1501 iuci-

305 1558 368 1603 nne
383 1538 651 1623 perpetraverat!
716 1539 724 1547 '

304 1686 437 1765 Purus,
452 1686 823 1770 Priami,'l¹10Jnnorum
846 1688 932 1771 regis
953 1688 1053 1765 filius,
1074 1688 1180 1771 patris
1195 1686 1294 1770 jussu
1318 1686 1352 1748 in

261 1788 368 1871 sylvis
381 1788 569 1869 expositus,
584 1793 764 1871 postquam
778 1793 882 1852 muter
897 1788 1042 1853 Hecuba
1055 1788 1090 1851 in
1105 1786 1231 1849 somnis
1246 1805 1283 1848 se
1302 1784 1354 1847 fu·

262 1906 334 1951 cern
345 1906 460 1970 putere
474 1887 548 1952 visu
563 1895 664 1965 esset,
672 1895 710 1971 rt
720 1895 818 1954 vates
830 1908 969 1973 puerum
984 1888 1122 1972 Trojnni
1136 1886 1259 1952 excidii
1274 1903 1355 1949 cnu-

262 2005 334 2050 enm
347 1988 416 2052 fore
427 1988 686 2072 respondissent.
730 1988 841 2054 Mater
853 1996 964 2054 tumen
980 1990 1122 2066 curavit,
1137 1992 1173 2053 nt
1186 1988 1356 2068 interpun-

241 2103 353 2160 tores
376 2096 489 2160 [deos
502 2095 615 2160 furtim
630 2098 815 2165 nutriretur.
859 2098 913 2163 lbi
930 2099 1001 2181 jum
1023 2097 1171 2171 adultus,
1185 2093 1352 2158 OEnonem
1376 2094 1380 2101 “

261 2196 440 2279 nympham
454 2197 598 2275 emavit3
619 2194 737 2281 (ovid.
759 2214 793 2260 v.
816 2196 958 2261 Heroid.
974 2194 1099 2281 Epist.)
1120 2214 1193 2277 quae
1221 2212 1355 2277 quoqne

261 2296 483 2377 postmodum,
497 2295 631 2360 Paridis
646 2315 761 2378 rogum
776 2296 1016 2374 conscendens„
1030 2296 1151 2378 laqueo
1165 2292 1231 2359 eibi
1241 2292 1354 2375 gulam

260 2394 370 2480 fregit.
415 2396 573 2481 Apollod.
590 2414 644 2462 ur.
658 2396 800 2464 Tuetzee
815 2399 847 2462 in
864 2397 1070 2482 Lycophrun.

305 2497 459 2570 Ceterum
474 2500 516 2562 de
531 2500 705 2563 formarum
724 2501 809 2564 inter
825 2501 919 2570 Deae
937 2499 1076 2566 Judicio
1095 2499 1151 2566 hic
1175 2517 1242 2561 non
1256 2515 1355 2580 repe-

262 2604 379 2675 temus,
401 2618 479 2682 quae
500 2601 623 2667 eltutus
639 2599 747 2678 Naso,
763 2617 829 2665 xv.
854 2599 997 2666 Heroid.
1023 2599 1129 2681 Epist.
1150 2597 1267 2674 Silius,
1284 2613 1355 2661 vrr.

262 2697 380 2768 Punic.
391 2699 466 2767 465.
486 2698 939 2782 Apuleiun,x.ll1ilesiacar·
954 2699 1074 2778 nmen,
1090 2715 1154 2763 vll.
1168 2705 1204 2764 et
1217 2699 1267 2764 sie
1281 2700 1355 2764 bre-

261 2799 347 2864 uiter
359 2799 512 2882 Propert.
527 2817 569 2864 rr.
582 2799 615 2866 2.
629 2803 687 2865 nbi
702 2821 798 2868 sunm
815 2801 931 2867 laudet
945 2801 1109 2886 puellam:

348 2898 467 2964 Cedite
475 2901 558 2984 jum,
574 2902 685 2981 Diver,
701 2923 787 2987 quas
801 2910 914 2987 pastor
928 2904 1054 2968 viderat
1068 2901 1149 2966 olim

390 2999 493 3066 ldaeiu
506 3003 651 3068 tunicum
666 3023 792 3087 ponere
815 3004 1006 3072 verticibus.
1260 3027 1266 3036 ·

263 3097 383 3182 Neque
400 3100 444 3172 (le
466 3101 606 3170 Helene
628 3112 739 3189 raptu,
759 3126 836 3188 quae
851 3105 1023 3182 Coluthus,
1034 3105 1092 3169 lib.
1104 3103 1145 3174 de
1165 3103 1269 3188 Rupt·
1280 3104 1356 3170 He-

261 3200 359 3276 lenae,
377 3201 497 3269 Horat.
512 3202 577 3275 od.
593 3220 631 3268 ιι.
645 3206 699 3270 15.
714 3207 850 3290 aliique.

306 3303 481 3369 Indueitur
496 3313 609 3370 auteur
630 3325 748 3389 parum
774 3316 937 3386 strenuus,
962 3315 998 3373 et
1016 3326 1163 3373 umorum
1179 3325 1279 3389 qnam
1301 3328 1355 3374 ar-

167 3442 175 3450 ·
261 3425 390 3471 morum
414 3407 520 3488 iungis
544 3407 730 3474 studiosus.
774 3409 947 3476 Interemit
968 3415 1077 3474 tumen
1093 3406 1268 3488 Achillem,
1283 3416 1355 3474 ten·

262 3504 404 3588 demque
425 3525 447 3569 n
465 3507 603 3589 Pyrrho,
623 3509 695 3573 sive
715 3509 919 3590 Philoctete,
933 3518 971 3581 ut
993 3511 1063 3591 elii,
1085 3515 1138 3574 est
1164 3508 1355 3580 confossus.

260 3604 351 3668 Vide
365 3625 439 3687 quae
454 3607 496 3669 ud
509 3608 653 3692 Dietym,
669 3627 720 3673 iv·
735 3611 787 3678 19.

300 3705 408 3770 Porro
429 3707 494 3772 hoe
521 3709 699 3779 Numiemu
722 3719 777 3782 est
798 3714 876 3797 imp.
898 3711 1059 3778 Antonini
1081 3711 1148 3789 Pii,
1167 3717 1352 3794 spectatur-

261 3823 326 3889 que
340 3807 431 3890 apud
445 3808 616 3891 Sponium,
627 3811 809 3881 Becherch.
827 3830 940 3883 xxiv.
955 3815 1029 3880 384.
