2959 4875
414 356 463 403 llll
482 354 606 405 *nunno
629 356 801 405 uaesano
825 356 900 407 tta.
923 360 957 405 V.
1159 347 1224 413 257

134 501 257 582 tigerat
270 498 433 583 praedam,
443 504 510 565 'aut
524 518 570 564 ex
589 500 746 583 captivis,
754 507 920 583 ‘quantum
942 500 1143 583 promerito
1158 504 1226 569 ‹lis-
1303 506 1325 547 'f

135 602 351 677 tribuebatur,
377 600 532 665 habuere.
576 599 663 684 [lt]
685 600 824 665 Interim
847 619 949 684 super
970 600 1150 667 putatior
1173 607 1224 669 in·

136 720 215 783 gens
230 708 397 766 certarnen
410 702 496 767 inter
511 722 549 767 se
563 702 703 767 ducibus
716 708 879 779 exortum,
890 699 999 784 Ajaoe
1008 702 1224 769 Telamonis⁶

131 802 369 885 'expostulante
384 802 419 867 in
434 824 552 869 munus
565 802 641 881 ribi,
656 822 718 887 pro
733 802 787 867 luis
802 821 878 885 qum
891 804 925 865 iu
936 802 1083 885 singulos
1094 807 1225 871 unirer·

138 920 261 986 eosque
275 904 397 969 virtuto
419 910 522 987 atque
543 903 707 969 industria
721 920 784 967 sna
797 903 994 968 contulerat.
1038 902 1154 983 Quare
1166 922 1226 973 co·-

139 1004 207 1065 acti
222 1023 314 1085 paene
328 1024 452 1083 omues,
467 1004 568 1069 simul
582 1004 632 1068 nti
652 1022 695 1068 ne
715 1002 893 1069 laederetur
906 1005 1038 1069 animus
1053 989 1135 1071 tanti
1148 1008 1225 1087 viri,

138 1105 234 1187 cujus
248 1105 411 1186 praeclara
429 1106 580 1171 facinora
593 1104 791 1187 vigilimue
806 1123 868 1187 pro
881 1106 1035 1169 exercitu
1056 1107 1092 1171 in
1112 1110 1225 1175 animo

138 1205 337 1283 retinebant,
353 1206 547 1271 'concedunt
567 1204 681 1290 Ajaci,
703 1205 947 1269 renitentibus⁷
970 1207 1053 1271 solis
1080 1210 1224 1275 omnium
1269 1216 1272 1220 ’

139 1305 305 1370 Diomede
328 1312 431 1389 atque
457 1307 605 1391 Ulyssc:
627 1324 691 1369 sua
704 1304 832 1388 quippe
854 1305 980 1387 opera⁸
1002 1306 1036 1370 id
1058 1308 1225 1375 ablatum:

139 1412 257 1471 contra
274 1404 363 1490 Ajax
385 1406 555 1483 affirmare,
575 1425 641 1470 non
663 1406 778 1469 labore
800 1410 857 1471 ant
878 1406 1001 1472 virtute
1024 1426 1139 1474 eorum
1157 1430 1226 1475 rem

139 1515 289 1587 gestam:
327 1506 527 1571 Antenorem
556 1524 698 1588 namque
727 1506 1010 1587 contemplatione
1045 1514 1227 1575 communia

140 1608 296 1689 amicitiae
309 1608 503 1673 abstulisse.
556 1606 643 1671 'l'um
661 1603 842 1667 Diomedes
856 1603 976 1667 honori
991 1605 1065 1687 ejus
1087 1628 1147 1691 per
1170 1631 1229 1674 ve·

140 1709 331 1776 recundiam
348 1709 549 1785 concedens,
562 1726 584 1772 a
597 1704 777 1773 certamine
791 1703 930 1769 destitit.
965 1704 1073 1787 igitur
1087 1707 1229 1792 Ulysses

140 1827 217 1873 curn
233 1810 340 1893 AJace
354 1816 482 1875 summa
495 1810 530 1873 vi
541 1805 739 1873 contendero
753 1805 837 1869 inter
848 1823 895 1880 se,
908 1810 1008 1887 atquo
1022 1807 1164 1873 invicem
1178 1812 1229 1876 in‘·

143 1909 276 1977 dnstriae
289 1913 414 1977 meritis
428 1910 654 1996 expostulare,
677 1906 903 1971 annitentibus
927 1905 1048 1988 Ulyssi
1071 1908 1229 1977 Menelao

143 2019 243 2095 atque
258 2011 516 2094 Agamemnone,
533 2009 579 2073 ob
595 2014 762 2073 eervatmn
778 2007 883 2088 paulo
907 2012 986 2070 ante
1009 2028 1110 2091 opera
1129 2010 1230 2093 ejus⁹

142 2111 316 2177 Helenam.
361 2112 517 2195 Namque
532 2114 611 2194 post
622 2112 758 2191 captum
773 2104 892 2171 Ilinm¹
913 2105 1018 2190 Ajax,
1032 2109 1229 2177 recordatus

142 2232 253 2276 eorum
270 2231 347 2297 quae
360 2213 463 2278 tantis
478 2210 734 2293 tempestatibus
749 2213 886 2291 propter
898 2208 1064 2272 mulierem
1078 2215 1230 2293 perpessi
1261 2281 1264 2285 ,

142 2312 337 2396 expertique
350 2320 471 2389 essent,
490 2311 616 2396 pamas
639 2309 787 2373 ornuiunr
808 2307 950 2371 interfici
973 2327 1048 2373 earn
1065 2309 1230 2392 jusserat:

139 2413 273 2496 jamque
287 2412 550 2496 approbantibus
566 2409 739 2474 consilium
757 2406 876 2492 Ajacis
895 2408 1007 2472 multis
1021 2409 1131 2488 bonis,
1154 2408 1231 2476 Me-

143 2513 270 2591 nelaus,
285 2533 430 2578 amorem
445 2513 594 2598 conjugii
609 2511 802 2576 etiamtunc
817 2505 972 2586 retinens,
994 2510 1145 2590 singulos
1161 2529 1232 2575 am·

144 2613 263 2678 biendo
279 2614 470 2696 orandoque
486 2611 528 2677 ad
542 2618 748 2696 postremum
768 2607 963 2691 perfecerat,
982 2609 1032 2672 uti
1048 2610 1232 2675 intercessu

146 2711 279 2797 Ulyseie
304 2715 437 2780 Helena
452 2713 631 2778 incolumis
647 2709 714 2775 sibi
735 2708 927 2773 traderetur.
974 2707 1095 2794 ltaque
1110 2710 1230 2774 veluti¹

141 2814 271 2897 judicio
286 2817 459 2880 amborum
473 2815 615 2879 merita·
636 2814 842 2893 spectantes,
857 2809 933 2890 quis
947 2810 1049 2873 etiam
1062 2825 1150 2874 nuuc
1163 2809 1234 2875 bel·

146 3114 251 3159 arua-t
267 3109 358 3173 Delpb.
368 3117 522 3174 qaorum—5
540 3107 677 3160 Omittltur
690 3107 782 3156 recola
797 3104 834 3153 itu
852 3101 877 3152 ln
898 3100 1043 3164 nepta—o
1058 3099 1154 3175 pelpb.
1167 3099 1235 3174 Τοῖα·

146 3175 278 3224 arente-t
297 3173 389 3238 Delplr.
406 3173 672 3224 contractionum-8
689 3171 755 3221 Post
771 3182 840 3232 opera
855 3165 934 3216 babet
947 3163 1043 3227 Delpb.
1054 3163 1235 3214 ummo.

641 3327 748 3380 Now

179 3429 283 3490 ‘Super
302 3427 422 3491 Pulturlio]
446 3427 521 3478 Idem
538 3425 671 3477 sulcaret
711 3420 850 3487 pressisse:
877 3419 900 3468 ir
918 3419 986 3468 eninr
1006 3416 1107 3477 scribit,
1125 3429 1158 3466 rr.
1179 3415 1236 3466 AEn.

150 3504 289 3554 Cedreaur.
322 3505 418 3556 Verum
428 3503 671 3567 llonrernr,Scptru·
710 3499 795 3562 iprum
805 3494 910 3544 AEacam
926 3493 960 3542 dc
975 3499 1059 3542 morte
1075 3491 1184 3541 Helen·
1195 3505 1239 3542 oo·

150 3581 212 3638 cler,
228 3587 256 3630 st
275 3579 318 3629 atii
334 3593 423 3630 omnies
435 3579 551 3641 tradunt,
564 3577 672 3641 Ajacem
711 3569 872 3635 ‘iterrared
887 3570 1015 3618 aVenere
1032 3567 1082 3618 atio
1097 3567 1238 3618 abductum

151 3659 178 3703 et
189 3653 307 3716 Ulyrrsnr
324 3667 374 3704 uon
386 3653 419 3702 de
436 3653 565 3717 Palladio,
580 3651 627 3703 red
639 3650 673 3700 da
712 3647 809 3698 suirrcr
834 3645 978 3695 ‘Exarsere
995 3643 1068 3706 ignee
1083 3645 1178 3706 auimo,
1198 3658 1239 3692 ru-

150 3728 226 3780 srrnir
237 3728 344 3780 Aolrillir
355 3729 526 3778 contendisse.
713 3723 753 3774 bit
767 3724 806 3773 ira
822 3722 957 3772 cadentem
969 3719 1067 3769 Ulcirct
1085 3720 1194 3780 patriam
1211 3724 1240 3762 et

181 3807 377 3870 ²Nauqaeput
393 3802 580 3868 optruttan]
605 3802 673 3852 Nut-
713 3800 852 3850 acclamas
880 3808 982 3846 turnare
1010 3793 1117 3855 poeuar.'
1153 3791 1238 3838 ltere:

152 3895 226 3946 quarn
246 3881 308 3931 alibi
325 3881 393 3932 laturl
414 3879 537 3944 repertu.
569 3876 622 3928 Sed
640 3891 674 3925 a·
713 3871 880 3924 ‘Eatlnnime
901 3868 975 3918 nefas
997 3876 1092 3927 tamen,
1118 3870 1145 3912 rt
1171 3877 1240 3949 aum·

152 3971 228 4019 quum
243 3964 284 4006 est
299 3956 429 4008 oculatum
448 3961 541 4005 tactem
558 3951 676 4017 quadam
715 3949 779 3998 risse
790 3944 913 3996 merentia
924 3940 1062 4025 nudabor
1078 3952 1175 4026 penu,
1187 3952 1239 4024 aar·

151 4032 256 4094 altere,
281 4046 340 4096 qua
365 4030 433 4095 apud
455 4029 552 4080 auritos
575 4031 676 4075 tantum
716 4032 835 4084 mumque
860 4017 979 4080 expleras
1000 4013 1104 4100 parabit
1132 4013 1240 4062 Uttrrtrr

153 4104 246 4156 lrurtra
257 4121 366 4170 querna.
397 4107 452 4168 Ego
470 4119 531 4154 rero
550 4099 678 4162 existimo,
716 4096 835 4155 flammae,
846 4099 874 4142 et
884 4091 983 4176 cineras
992 4096 1099 4176 ratrmra
1109 4089 1242 4174 meorum!

154 4179 270 4228 intutior
291 4181 346 4244 ipro
361 4181 469 4244 Virgilio
490 4177 612 4230 Neutrum
632 4189 678 4222 ex·
741 4163 1241 4234 ‘lupuoetatijtdrcwmbmmrrtd

189 4259 275 4324 nepa.
284 4265 307 4310 rt
320 4259 378 4309 Ver.
390 4261 454 4310 Clur.
630 4251 699 4302 Dirt.
712 4251 778 4301 Cret.
1154 4242 1178 4291 a
