2959 4875
201 338 266 403 314
580 356 743 407 nnnnrra
768 360 927 408 vaauen

202 517 243 561 eo
253 505 401 579 tempore
417 516 483 580 quo
497 497 666 581 Telephus
681 500 790 565 adhuc
804 520 899 583 puer,
910 522 931 565 a
945 508 1041 585 patre
1055 501 1204 567 Hercule
1220 522 1296 587 pro·

202 599 341 677 genitus,
356 598 594 662 aTeuthraute
616 617 690 679 rege
711 598 859 683 hospitio
881 607 1034 685 receptus
1050 609 1112 665 est.
1156 594 1307 671 Diome'

202 698 276 761 dem
290 697 409 775 ferunt,
429 718 505 762 cnm
529 698 626 781 equis
649 700 846 782 potentibus
866 710 1040 765 venantem
1067 707 1101 765 ct
1125 701 1227 767 ieris·
1249 705 1292 765 ab

204 798 353 863 Hercule
368 800 588 877 intersectum,
603 800 801 866 Teuthranti
815 822 950 884 regnum
962 802 1149 867 reddidisse
1167 810 1292 868 tutum:

202 902 246 965 oh
261 901 327 965 hoc
343 900 416 984 ejus
431 901 537 965 filium
548 901 754 985 Telephum¹²
769 905 801 968 ci
817 905 996 986 suppetias
1007 905 1155 968 venisse.
1189 903 1291 982 Quod

202 1021 278 1067 oum
292 1001 456 1065 Teuthras
471 1002 681 1084 intelligeret,
696 1022 734 1067 se
758 1004 876 1067 eodem
898 1004 1034 1067 vnlnere
1056 1012 1194 1068 monem
1209 1004 1292 1068 effu·

201 1121 276 1184 gere
300 1122 368 1166 non
391 1122 501 1185 posse,
526 1122 657 1185 regnum
685 1124 784 1168 suum
809 1106 907 1169 urus
930 1104 1084 1186 Telepho
1098 1103 1245 1181 tradidit,
1258 1113 1294 1170 et

202 1224 277 1267 eum
298 1222 409 1285 regem
431 1204 605 1269 ordinavit.
648 1204 735 1269 Tum
750 1225 860 1287 mem
875 1205 1108 1271 Teuthrantem
1123 1204 1293 1287 Telephus

202 1304 377 1386 magnifice
391 1305 555 1388 sepelivit.
600 1304 729 1370 Suadet
750 1308 781 1370 ei
802 1307 952 1372 Achilles
973 1313 1010 1371 ut
1023 1326 1145 1369 novum
1159 1324 1294 1387 regnum

202 1412 384 1482 conservet,
400 1407 499 1489 plns⁷
515 1406 619 1483 multo
640 1408 823 1471 exercitum
843 1408 1043 1491 adjuturum,
1059 1408 1089 1471 si
1103 1413 1293 1470 commeatu

202 1514 255 1569 tot
269 1507 365 1571 annis
380 1507 501 1590 quihus
524 1508 645 1571 morati
666 1507 786 1571 fuerint
805 1507 849 1572 de
870 1509 988 1572 eodem
1009 1526 1109 1589 regno
1122 1525 1183 1569 eos
1197 1506 1293 1590 adja-

202 1613 268 1683 vet,
291 1627 389 1691 quam
414 1609 444 1670 si
468 1608 511 1671 ad
533 1608 670 1691 Trojam
692 1614 755 1672 eat.
801 1610 921 1693 ltaque
941 1608 1110 1691 Telephus
1135 1614 1294 1671 remanet.

202 1708 352 1773 Achilles
369 1729 442 1775 cum
458 1730 579 1791 magna
594 1710 712 1792 piaeda
728 1709 771 1773 ad
786 1712 973 1775 exercitum
983 1708 1145 1797 Tenedon
1157 1709 1293 1772 reverti·
1377 1719 1382 1725 “

201 1817 264 1874 tur.
299 1807 543 1889 Agamemnoni
556 1828 625 1877 rem
640 1816 770 1892 gestam
783 1818 910 1876 narrat:
926 1811 1156 1895 Agamemnon
1169 1828 1293 1893 appro-

201 1912 262 1975 bat
290 1910 481 1993 laudatque.
526 1908 609 1993 [17.]
631 1910 763 1974 Interea
790 1911 895 1992 legati
922 1911 1020 1975 missi
1046 1911 1090 1975 ad
1121 1910 1292 1973 Priamum

200 2010 357 2074 ueniunt:
381 2010 523 2094 Ulysses
539 2008 802 2092 Agamemnonis
827 2012 927 2076 verba
950 2011 1060 2088 refert,
1083 2010 1235 2093 postulat
1255 2018 1293 2073 ut

201 2112 334 2177 Helena
356 2118 389 2177 et
411 2112 527 2196 praeda
549 2113 711 2191 reddatur,
734 2114 884 2196 satisque
906 2113 966 2177 fiat
988 2113 1069 2196 regi,
1089 2121 1129 2176 nt
1149 2110 1291 2195 pacifice

201 2212 382 2279 discedant.
427 2214 580 2278 Priamus
603 2213 739 2297 injurias
760 2214 1028 2295 Argonautarum
1048 2220 1293 2288 commemorat,

199 2314 306 2395 patris
319 2314 494 2391 interitum,
509 2314 624 2398 Trojoe
639 2314 928 2398 expugnationem,
939 2322 975 2379 et
989 2314 1153 2379 Hesionae
1169 2311 1292 2376 sororis

80 2495 82 2500 ,
201 2414 408 2482 servitutem.
464 2415 618 2500 Denique
646 2414 847 2480 Antenorem
877 2416 1023 2498 legatum
1051 2433 1127 2479 cnm
1152 2412 1291 2488 miserit,

202 2517 557 2598 quamoontumeliose
573 2518 682 2582 abeis
702 2523 862 2582 tractatus
880 2519 933 2580 sit
978 2516 1101 2580 Pacem
1123 2514 1290 2596 repudiat,

199 2616 325 2680 bellum
341 2617 467 2694 indicit,
484 2617 677 2683 Graecorum
692 2619 823 2700 legatos
843 2617 885 2682 de
906 2617 1029 2681 finibus
1049 2615 1167 2698 repelli
1184 2614 1291 2697 jubet.

200 2717 318 2799 Legati
333 2717 368 2781 in
383 2727 494 2782 castra
505 2718 663 2784 Tenedon
679 2726 895 2796 revertuntur,
918 2718 1140 2782 renuntiantes
1154 2734 1293 2797 respon·

200 2836 287 2882 sum.
331 2818 401 2882 Res
421 2820 572 2883 consultu
591 2821 724 2902 geritur.
766 2820 849 2904 [la]
872 2819 1023 2884 Aderant
1037 2837 1117 2882 vero
1133 2817 1177 2880 ad
1193 2817 1290 2881 auxi·

199 2916 279 2982 lium
310 2917 445 2983 Priamo
474 2918 628 2985 ductores
649 2920 683 2984 hi
713 2940 787 2986 cum
813 2921 1020 2986 exercitibus
1045 2920 1126 2998 suis,
1152 2936 1292 3003 quorum

232 3219 247 3264 7
264 3214 406 3279 lnDelph.
416 3220 440 3264 et
452 3215 574 3265 inseritur
587 3221 648 3266 aute
657 3218 718 3278 plus.

694 3391 802 3443 NOTAE

166 3510 168 3515 '
232 3503 726 3568 tlliomdenrlerantmrnepaispoteeli-
766 3513 817 3567 tna,
828 3505 870 3568 qui
887 3503 978 3552 scribit
993 3499 1200 3570 Diomedemita
1212 3513 1291 3563 meos

200 3577 492 3641 humantenetseris]
519 3579 572 3628 Hie
588 3581 725 3630 Diomedes
766 3577 1293 3640 adnmarse,ntornniasnaineorumali·

200 3653 293 3704 Martia
304 3659 330 3701 et
342 3653 454 3715 Cyrenes
466 3651 530 3701 filius
540 3652 601 3716 init,
609 3654 725 3704 Thracias
765 3664 879 3705 mentum
891 3653 1069 3702 consumserit.
1102 3653 1293 3714 Quareposten

199 3743 255 3785 res,
266 3741 340 3792 quem
354 3726 439 3790 pn'e'tre
454 3725 562 3776 fabulati
578 3735 726 3792 suntequas
766 3733 822 3794 eJus
841 3729 917 3778 surici
943 3743 1022 3792 equos
1044 3729 1101 3776 illos
1122 3726 1293 3776 hominivoros
1365 3773 1371 3785 ,

199 3803 316 3854 hahuisse
329 3802 448 3852 carnibus
459 3803 573 3850 humanis
585 3811 726 3853 vescentes.
766 3806 944 3870 appellarunt;
961 3803 1031 3852 nude
1041 3811 1098 3851 ortu
1110 3801 1207 3850 fabula.
1240 3802 1292 3851 Alii

198 3878 275 3928 lilnru
292 3877 419 3929 Hercules
437 3875 578 3928 interiecit.
612 3878 679 3927 Vide
691 3879 725 3928 A·
766 3881 843 3930 etism
855 3894 910 3928 earn
922 3876 1024 3927 aliunde
1034 3882 1120 3924 natam
1128 3874 1228 3925 dicunt.

199 3953 500 4018 polloder.rr.etllygiu.
516 3953 726 4020 Fabnlarneqna-
797 3954 810 3987 ¹¹
829 3956 887 4016 Ejm
895 3954 978 4018 filiast
996 3950 1158 4013 Telephanei
1175 3952 1293 4013 suppetias

200 4044 255 4077 runr
278 4029 393 4080 historia
415 4029 607 4080 accommodare
634 4030 726 4080 nititur
765 4032 866 4096 senine]
892 4027 992 4092 ‘Elius'
1015 4027 1040 4075 id
1063 4033 1113 4086 est,
1133 4026 1294 4082 ‘Herculia'

199 4103 293 4164 Dares,
303 4119 360 4152 cnm
377 4104 422 4164 ait,
436 4117 515 4167 equas
530 4105 587 4154 illes
605 4113 726 4168 potenter
766 4105 824 4167 ‘ei‚'
837 4106 863 4154 id
875 4101 1120 4166 est,⁴‘l‘euthrauti.'

200 4187 226 4228 et
240 4174 307 4228 ieras
320 4177 407 4228 luisse.
441 4179 491 4228 Sed
504 4179 578 4228 aliter
590 4179 725 4245 Palaepha-
