2959 4875
222 392 266 459 38
480 396 561 454 tac.
586 396 779 453 rantzonn
806 392 1053 449 orssnnrnrro

224 562 293 620 tum
309 550 502 617 Memnonis
525 548 645 612 collum
670 546 770 607 hasta
789 542 971 625 treJecisse,
993 548 1030 603 et
1052 540 1100 602 ita
1121 556 1199 601 eum
1221 534 1311 599 ccci·

225 657 337 721 disse:
359 652 445 717 Eum
466 652 580 733 ipsum
595 646 671 711 dein
693 645 815 708 vicisse
831 641 941 706 denuo
955 638 1130 721 Troianos,
1144 642 1177 700 et
1191 642 1312 717 captos

224 754 351 821 Priami
376 754 477 831 lilios,
503 750 650 815 Troilum
675 755 710 810 ct
739 745 939 828 Lycaonem,
959 741 1144 823 jugulasse:
1167 738 1313 819 denique

225 876 299 922 cum
314 853 456 919 induciae
477 856 589 915 essent
610 851 745 930 propter
766 844 903 907 solenne
926 840 1116 924 Thymbraei
1129 838 1313 922 Apollinis,

226 964 260 1021 et
274 957 318 1021 ab
332 957 479 1037 utrisque
494 970 595 1015 sacra
609 948 723 1011 fierent
737 946 769 1009 in
791 946 863 1029 ejus
885 944 963 1007 luco
984 949 1077 1005 extra
1092 940 1203 1013 Ilium,
1217 938 1313 1001 Pria-

226 1076 316 1121 mum
343 1054 474 1119 misisse
497 1052 626 1116 Idaenm
650 1048 693 1113 ad
716 1047 883 1110 Achillem
911 1046 953 1108 de
974 1044 1150 1127 Polyxena
1168 1042 1235 1125 ipsi
1256 1041 1314 1103 de·

228 1138 434 1241 spondendo}
443 1152 607 1218 Achillem
624 1169 702 1215 vero
712 1148 893 1231 separatim
907 1166 981 1210 cum
993 1145 1087 1208 Idaeo
1099 1144 1315 1211 collocutum.

225 1257 326 1341 idque
342 1254 481 1320 Graecos
493 1253 629 1336 sequius
646 1251 838 1333 accepisse:
862 1248 947 1312 Mox
959 1248 1145 1311 accessisse
1159 1243 1315 1308 Paridem

227 1363 261 1421 et
283 1356 505 1439 Deiphobum,
526 1372 667 1437 quorum
692 1350 751 1414 ille
764 1349 940 1427 Achillem,
962 1366 1060 1432 quem
1082 1346 1137 1411 hic
1159 1364 1219 1429 per
1239 1365 1316 1428 spe·

227 1458 314 1522 ciem
331 1458 487 1523 amicitiae
515 1453 711 1537 complexus
726 1452 872 1527 tenebat,
887 1450 973 1535 apud
997 1469 1087 1514 aram
1110 1450 1220 1532 gladio
1235 1468 1317 1513 con·

229 1557 368 1622 foderit:
392 1576 459 1638 quo
479 1555 571 1619 iacto
594 1552 671 1617 illos
694 1552 762 1615 alia
779 1552 847 1627 via,
863 1570 962 1633 qnam
977 1570 1045 1633 qua
1060 1556 1224 1626 venerant,
1239 1550 1316 1612 luco

227 1676 390 1740 egressos,
414 1676 511 1721 cursu
532 1654 742 1721 contendisse
767 1653 888 1717 Ilium:
911 1649 1051 1735 Ajacem
1074 1671 1154 1717 vero
1178 1652 1318 1715 Diome·

232 1759 310 1822 dem
332 1766 365 1823 et
380 1758 554 1840 Ulyssem,
574 1756 633 1839 qui
653 1761 751 1817 extra
772 1752 883 1819 lucum
905 1754 1128 1835 expectabant
1140 1752 1319 1831 Achillem,

230 1877 305 1922 cum
336 1878 377 1922 eo
397 1858 516 1933 acturi,
539 1874 614 1920 curn
637 1856 716 1919 illos
747 1854 953 1935 aufugientes
974 1874 1018 1919 ex
1043 1854 1120 1919 luco
1144 1855 1318 1931 vidissent,

231 1960 426 2034 accurrisse,
456 1962 491 2023 et
511 1957 682 2019 inuenisse
709 1954 785 2019 istic
810 1955 976 2020 Achillem
998 1956 1146 2021 letaliter
1170 1956 1319 2020 vulnera·

231 2062 320 2123 tumr
342 2059 473 2122 dixisse
496 2065 575 2121 tunc
599 2055 751 2141 Ajacem,
773 2056 875 2120 ‘Fuit
895 2058 1124 2122 confirmatum
1145 2078 1187 2121 ac
1208 2076 1321 2122 verum

231 2178 291 2242 per
311 2161 480 2236 mortales,
503 2159 629 2223 nullum
652 2157 823 2221 hominnm
844 2158 999 2235 existere,
1013 2160 1071 2241 qui
1095 2169 1127 2223 te
1154 2178 1235 2223 vere
1253 2160 1321 2223 vir·

232 2266 305 2325 tute
320 2266 503 2344 superaret,
518 2259 579 2324 sed
601 2260 649 2322 uti
673 2259 784 2342 palam
800 2264 863 2335 est,
886 2266 946 2322 tua
968 2265 1000 2322 te
1017 2260 1205 2324 inconsulta
1218 2264 1322 2323 teme·

232 2361 312 2423 ritus
335 2358 504 2445 prodidit'
544 2357 625 2435 Vel,
651 2359 680 2421 si
705 2359 871 2423 malumus
896 2358 970 2424 hacc
996 2358 1116 2425 Graece
1140 2362 1246 2440 legere
1276 2374 1323 2425 ex

233 2461 371 2539 Malela,
385 2463 446 2524 Ἦν
468 2461 525 2546 ἄρα
548 2459 666 2536 ἀληθῶς,
682 2457 759 2533 ὅστις
783 2458 929 2547 ἀνθρώπων
942 2463 1108 2539 (dicuntur
1128 2465 1201 2528 haec
1220 2448 1323 2548 hausi

233 2579 295 2646 per
308 2563 610 2643 interrogationem,
626 2559 726 2624 ‘Fuit
739 2579 817 2642 ergo
833 2582 907 2626 vere
916 2563 1038 2646 aliquis
1052 2563 1231 2644 hominurn,
1242 2566 1323 2648 qui,’

234 2665 293 2728 dhe.
304 2665 334 2741 l)
355 2660 470 2739 ilduara
490 2659 596 2724 κτεῖναί
610 2686 643 2723 σε
657 2664 735 2746 ἀλκῇ
750 2660 914 2749 διαφίςοντα
927 2663 1054 2744 πάντων;
1075 2664 1160 2726 Ἀλλ’
1173 2672 1189 2742 ἡ
1204 2668 1240 2744 σὴ
1254 2689 1326 2750 xpo-

234 2761 330 2826 elene
352 2757 486 2825 ἀπώλισέ
505 2780 557 2826 ru:
602 2762 842 2846 Respondente
864 2763 1011 2842 Achille,
1039 2767 1138 2831 ‘dolo
1152 2773 1323 2851 meatque

235 2863 367 2929 insidiis
384 2862 585 2945 Deiphobus
611 2867 710 2944 utque
727 2861 917 2928 Alexander
933 2865 1118 2950 Polyxenee
1133 2866 1238 2950 gratia
1257 2870 1325 2934 cir·

235 2963 452 3028 eumenem?
467 2957 552 3047 Δόλφ
563 2962 731 3049 εἷργίισαντό
740 2990 778 3045 με
787 2964 877 3052 Πάρις
889 2967 936 3029 ael
948 2967 1090 3048 Δηΐφοβος
1100 2972 1146 3032 ha
1157 2968 1325 3048 Πολυξένην.

237 3064 324 3143 Quae
355 3062 492 3127 Malelse
514 3064 617 3128 verba
638 3074 760 3132 temere
783 3068 934 3132 solicitat
955 3071 1030 3154 ejus
1050 3072 1169 3149 editor,
1189 3074 1325 3156 legensr

236 3165 329 3228 Δόλω
346 3158 517 3249 εἰργάσαντό
532 3187 579 3244 με.
623 3164 712 3230 Nam
733 3168 848 3232 eadem
864 3171 962 3252 plane
979 3173 1078 3238 habet
1093 3175 1276 3254 Cedrenns,
1290 3182 1328 3242 et

236 3266 342 3348 magis
358 3266 555 3329 conveniunt
570 3284 644 3330 cum
661 3275 776 3333 nostro
791 3271 969 3352 Septimio.
1013 3273 1201 3341 Posuerunt
1214 3283 1327 3342 autem

236 3367 299 3444 illi,
315 3374 353 3431 ut
364 3367 480 3448 liquet,
496 3365 664 3450 εἰργάσαντο
686 3388 748 3450 pro
763 3368 972 3456 drrrppeicarrc,
987 3375 1051 3440 hoc
1066 3383 1130 3453 est,
1146 3381 1157 3411 ¹
1171 3379 1328 3442 consenc..
1387 3358 1391 3363 ’

236 3475 324 3544 runt,
348 3464 607 3532 interfecerunt!
651 3468 739 3533 Haec
763 3490 841 3553 ergo
863 3475 1085 3540 omniatanto
1101 3497 1277 3549 consensu,
1291 3479 1327 3544 et

236 3589 344 3638 rernm
355 3586 377 3632 a
387 3571 555 3633 communi
566 3573 728 3636 sententie
750 3591 844 3656 saepe
858 3575 1114 3656 abhorrentium,
1127 3587 1161 3643 et
1173 3581 1327 3664 aliquan*

238 3671 283 3736 do
298 3671 399 3734 etiam
419 3670 563 3752 ipsarum
577 3671 796 3752 locutionum,
809 3676 926 3740 eodem
941 3699 1073 3761 prorsus
1085 3682 1210 3759 ordine,
1228 3701 1326 3766 repe-

238 3774 304 3837 ries
325 3771 417 3854 apud
434 3769 608 3850 Nostrum,
624 3789 680 3836 111.
703 3781 736 3838 et
759 3791 808 3840 ιν.
830 3780 887 3862 qui
913 3787 1021 3844 tanmn
1043 3787 1078 3846 et
1100 3783 1167 3847 alia
1190 3785 1327 3848 minoris

237 3873 341 3957 paulo
363 3872 530 3948 momenti,
545 3891 586 3936 ac
608 3875 716 3937 minus
743 3875 925 3956 Historica,
948 3881 1087 3945 subinde
1106 3885 1267 3966 aspergit,
1294 3893 1329 3952 et

135 3989 140 4000 “
236 3973 310 4038 hoec
325 3973 401 4054 ipsa
414 3971 608 4055 plerumque
623 3975 772 4057 pluribus
793 3979 965 4062 aliquanto
981 3984 1091 4047 verbis
1114 3987 1326 4068 exsequitur:

239 4080 276 4136 et
290 4073 380 4158 apud
392 4072 554 4137 Malelam
570 4076 604 4138 in
619 4077 741 4141 'l'eucri
754 4078 944 4145 Telamonii
957 4085 1147 4148 narratione
1160 4102 1268 4149 rerum
1282 4075 1341 4152 ah'

238 4172 372 4238 Achille
394 4174 610 4257 potissimum
636 4186 804 4260 gestarum
828 4166 872 4246 ad
897 4181 1058 4267 Pyrrhum
1088 4185 1187 4270 hujus
1211 4186 1328 4266 filium,
