2959 4875
439 314 487 363 nn
512 312 632 363 natue
654 313 827 365 rnorsrro
852 316 925 365 nun.
947 318 1000 367 rr.
1192 304 1258 370 215

165 451 272 519 fideus
286 453 321 519 in
337 472 478 539 pugnam
493 458 613 541 pergit,
627 477 730 523 cornu
739 457 863 525 'dextro
875 458 1070 543 sagittadis,
1080 458 1186 526 altero
1199 480 1264 546 pe·¹

165 554 291 619 ditibus
314 555 491 636 instructo,
517 558 650 625 medios
673 560 805 644 equites
826 561 991 627 sollenat:
1012 562 1137 645 inquis
1154 562 1258 646 ipsa.⁴

165 652 290 719 Contra
303 656 348 719 ab
361 658 485 721 nostris
501 658 549 725 ita
563 677 750 740 occursum,
765 668 804 726 ut
817 661 999 743 sagittariis
1014 662 1191 728 Menelaus
1204 671 1257 729 at·

165 776 231 840 que
246 756 402 841 ulysses,
421 766 456 825 ot
478 780 554 826 eum
579 760 712 829 Tenere
738 762 921 845 Meriones,
943 766 1115 851 peditibus
1130 766 1257 849 Ajaees

166 859 245 936 duo,
259 859 458 939 Diomedes,
473 861 719 944 Agamemnon,
729 865 959 949 Tlepolemus,
971 874 1091 932 etcum
1101 866 1254 932 Ialmeno

167 958 380 1041 Ascalaphus
394 970 655 1045 opponerentur3
678 966 713 1027 in
726 966 858 1049 equites
872 967 915 1028 ab
929 964 1059 1030 Achille
1072 972 1106 1030 et
1118 966 1254 1049 reliquis

165 1059 310 1123 ducibus
325 1070 537 1143 pugnaretur.
581 1064 662 1129 Hoc
684 1066 785 1130 modo
808 1066 969 1131 instructo
982 1066 1145 1149 utrimque
1159 1085 1255 1131 exer·

166 1160 247 1251 citu,
268 1160 449 1227 condixere
468 1163 577 1229 seles:
600 1164 727 1231 cadunt
742 1167 873 1249 sagittis
889 1167 1011 1248 regine
1031 1165 1174 1250 plurimi,
1197 1183 1255 1229 ne·

165 1260 230 1342 q'ue
252 1263 296 1325 ab
317 1260 454 1329 Teucris
479 1283 580 1330 secus
605 1266 774 1331 bellatum.
819 1266 955 1331 Interim
974 1264 1112 1349 Ajaees,
1137 1266 1259 1349 etqui

166 1378 243 1425 cum
257 1360 310 1426 his
326 1370 432 1441 erant,
440 1364 575 1447 pedites
590 1372 706 1431 eontra
719 1385 805 1449 qnos
819 1372 985 1431 steterant
998 1365 1188 1442 eredereae
1200 1384 1253 1429 re·

166 1468 319 1527 stantes⁵
342 1462 509 1530 detrudere
534 1466 746 1543 umbonibus,
769 1484 914 1549 moxque
938 1465 1091 1548 repulsos
1117 1468 1253 1529 obtrun-

165 1580 254 1627 care.
325 1563 444 1648 Neque
470 1565 581 1647 quoad
610 1564 731 1631 delete
765 1564 918 1647 peditum
945 1565 1064 1649 eopiae,
1099 1564 1176 1629 linis
1202 1564 1253 1627 lit.

165 1660 229 1745 [3.]
251 1663 323 1727 At⁶
339 1663 492 1729 Achilles
508 1664 595 1728 inter
608 1664 755 1748 equitum
768 1673 895 1729 turmas
909 1664 1153 1729 Penthesileam
1172 1681 1253 1727 uae·

165 1762 246 1841 tus,¹²
268 1764 365 1829 hasta
388 1767 495 1847 petit:
518 1783 626 1848 neque
655 1762 823 1830 difficilius
847 1784 947 1849 quam
968 1764 1137 1831 soeminam
1163 1784 1252 1849 equo

165 1864 326 1943 deturhat,
350 1885 451 1931 mauu
472 1864 753 1947 comprehendens
777 1884 887 1943 come,
912 1870 1014 1951 atque
1037 1866 1088 1929 ita
1111 1864 1254 1947 gratim

163 1964 365 2031 vulneratam
382 1966 566 2031 detrahens.
613 1963 716 2043 Quod
730 1966 786 2031 ubi
803 1967 909 2031 risum
924 1972 991 2042 est,
1006 1970 1075 2029 tum
1089 1964 1252 2029 veronul-

163 2065 231 2129 lam
246 2086 338 2149 spem
353 2068 389 2131 iu
403 2067 505 2133 armis
519 2066 594 2143 rati,
609 2065 718 2149 lugam
738 2066 876 2132 iaciunt.
918 2065 1119 2147 clausisque
1133 2066 1253 2131 cirita·

164 2168 207 2230 tis
221 2170 339 2251 portis,
355 2170 458 2233 nostri
475 2167 634 2250 reliquos,
649 2186 737 2250 quos
752 2168 833 2249 suga
846 2163 948 2231 bello¹
969 2173 1148 2243 exemeret,
1163 2168 1253 2231 inse·

165 2270 233 2332 enti
260 2270 480 2335 obtruncant:
501 2269 648 2335 foeminis
670 2274 780 2333 tamen
806 2269 1015 2333 abstinentes
1036 2284 1153 2331 munus
1175 2284 1253 2348 par·

166 2376 347 2453 centosque
362 2370 468 2433 sexui.
513 2368 599 2433 Dein
616 2368 666 2432 nti
682 2368 822 2452 quisque
837 2366 1151 2447 rictuqintert'eotis
1165 2386 1252 2450 quos

165 2471 339 2536 adversum
352 2473 446 2552 ierat,
461 2470 715 2553 regrediebatur,
729 2470 977 2536 Penthesileam
991 2470 1099 2535 visere
1114 2470 1253 2532 minine·

163 2591 236 2635 cem
252 2574 465 2648 etiamnunc,
481 2570 703 2654 admiratique
719 2572 903 2636 audaciam.
948 2570 1005 2635 Ita
1018 2570 1111 2635 brevi
1122 2570 1167 2633 ab
1181 2589 1252 2634 orn·

163 2675 262 2740 nibus
276 2675 309 2738 in
324 2673 464 2739 eu'udem
479 2672 591 2736 locum
606 2689 813 2750 coneursum,
823 2665 1092 2754 placitumque*
1107 2671 1154 2735 uti
1168 2689 1252 2753 quo·

621 2849 799 2872 novumn

163 2988 209 3032 -b
228 2982 292 3046 Arg.
304 2980 368 3033 cod.
379 2981 574 3030 resistentem—d
590 2978 727 3030 Omittitur
739 2979 830 3029 rosula
840 2984 866 3028 el
882 2977 907 3028 in
924 2977 1023 3042 Delph.
1033 2982 1061 3026 et
1073 2991 1132 3026 ruox
1143 2975 1251 3026 exhibet

163 3050 305 3096 cm.-l
323 3045 354 3094 ln
365 3045 458 3096 Peter.
470 3043 534 3094 cod.
543 3043 700 3108 patulumque.
724 3043 837 3094 Mereor.
853 3041 989 3108 legendum
1000 3050 1074 3107 putat
1091 3047 1252 3105 usuque.-

651 3205 761 3256 n'orae

163 3317 250 3375 latrix.
260 3316 390 3381 audetque
402 3315 462 3366 rlris
473 3329 627 3367 concurrere
639 3315 688 3366 vlr·
728 3314 790 3364 darn
800 3315 954 3377 ‘ratumque
963 3311 981 3361 ι’
997 3311 1045 3360 boe
1055 3315 1104 3371 est,
1113 3309 1252 3360 'delibera-

163 3393 214 3458 ge.'
245 3393 295 3444 Ubi
316 3391 439 3443 Serviunt
462 3391 611 3442 ‘Humerus
632 3391 689 3440 luae
728 3388 803 3439 tum.'
841 3387 963 3438 Nondum
984 3385 1052 3435 euim
1074 3385 1099 3434 ld
1118 3383 1253 3434 decretura

163 3471 255 3532 tacuit,
270 3484 327 3534 qua
338 3466 408 3519 freta
419 3475 478 3519 suut
493 3474 553 3532 post
564 3467 687 3518 lieeturls
728 3464 886 3525 enudonee
895 3462 1045 3524 Diomedes,
1054 3461 1253 3525 rogstlsduennr

163 3544 289 3598 mortem?
728 3540 875 3602 sententiis,
896 3540 922 3590 ld
940 3537 998 3588 herl
1016 3538 1125 3588 sorevit.
1148 3537 1252 3587 Meum.

194 3621 207 3653 ¹
221 3619 394 3670 Penthesileam
403 3623 495 3680 amas,
503 3617 559 3682 qe]
576 3617 688 3668 Penthe-
727 3619 784 3682 Ego
794 3618 857 3668 nihil
871 3615 1018 3667 mutsudum
1036 3622 1116 3679 puto:
1132 3613 1253 3678 placebat

163 3695 251 3746 sileam
275 3695 308 3744 ab
331 3693 430 3744 Achille
451 3695 560 3744 oedsaru
581 3699 688 3744 armant
726 3695 845 3744 omnibus
857 3707 914 3744 earu
928 3694 955 3741 ln
972 3689 1067 3740 flumen
1084 3688 1255 3754 precipitari,

162 3771 323 3836 lycophron,
343 3769 455 3821 Quintus
473 3768 593 3825 Calaber,
609 3770 686 3819 'Pret-
726 3771 773 3823 sed
787 3763 1251 3830 Achillessamsepellreeeusbatar3

162 3861 211 3908 res,
222 3845 521 3907 &sternendaque
547 3846 687 3896 dolust·
727 3861 786 3895 eum
797 3843 950 3904 Diomedes,
957 3843 1011 3890 alta
1020 3838 1186 3901 roueregatls
1193 3846 1252 3887 seu-¹

163 3934 271 3972 roseam
284 3934 299 3970 a
310 3920 410 3984 Pyrrho
420 3921 531 3970 ooelsrtu
542 3918 613 3970 dloit.
727 3920 826 3980 tendis,
849 3933 906 3968 earu
924 3917 951 3965 lu
972 3911 1157 3964 Scamandrum
1174 3912 1251 3976 jacit.

197 3995 296 4060 Ἠῶ]
324 3995 369 4045 dle
389 4009 493 4060 semper
512 3994 622 4057 Dictm
639 4008 686 4059 pre
727 3987 1189 4049 Sedhoeealiterusmt'l'setsss,ln
1201 3989 1251 4052 Ly·

164 4072 368 4138 pagoqproelto.
657 4093 662 4102 ·
726 4070 848 4135 sophron.
858 4063 1252 4126 slteuim.hebilles,eun1’en-

166 4165 170 4178 ¹
195 4145 393 4212 turremque]
403 4145 439 4196 Ut
449 4143 567 4196 videatur
575 4143 687 4194 seriben-
728 4146 860 4196 thesllesro
871 4139 1018 4196 occidisset.
1036 4137 1214 4190 fortitudinem
1225 4154 1252 4191 e·
