2959 4875
246 354 290 421 83
574 445 579 453 ·
640 386 645 393 ·
683 371 770 420 nun.
795 370 907 419 surus

246 519 345 584 Iovis
367 523 402 582 et
420 517 538 595 ledea
553 535 630 599 quta
654 518 779 601 conjux
800 518 962 600 Tyndari.
1007 516 1139 582 Horum
1160 518 1217 582 ille
1233 537 1341 601 equo·

245 637 316 683 rum
330 618 486 684 domitor.
529 617 650 682 Horat.
666 634 690 680 ι.
713 615 779 681 Od.
794 617 847 681 12.
862 619 915 683 26.
930 617 985 681 bie
1001 636 1078 682 varo
1095 618 1263 701 pugillatu
1275 634 1337 681 uo·

247 719 345 784 bilis:
366 722 454 782 teste
467 716 592 783 ibidem
606 715 764 781 Horatio.
960 700 963 711 ¹

291 819 611 901 Pinguntnrpileati.
623 817 746 883 Catuli.
758 832 932 881 xxxvrn.
941 817 1007 882 nisi
1017 818 1125 901 pileos
1134 836 1246 893 vocas,
1259 836 1336 900 quar

246 919 324 985 aliis
339 918 535 983 olorinorum
552 936 690 982 ororuro
704 915 767 1000 (ex
789 918 832 980 iis
855 917 942 981 enim
957 920 1122 1000 prognati.
1157 918 1278 983 Horat.
1296 934 1337 981 ιι.

247 1020 321 1087 Sat.
335 1019 368 1084 1.
380 1018 453 1103 26.)
466 1020 651 1104 putamina.
694 1020 836 1084 Lucian.
859 1021 894 1085 in
916 1021 1051 1105 Dialog.
1066 1020 1182 1105 Apoll.
1198 1028 1231 1085 et
1246 1018 1335 1084 Mer-

247 1140 317 1189 cur.
332 1122 432 1187 certe
446 1120 482 1185 bi
493 1119 834 1205 Lacones‚(Pausou.
847 1122 881 1185 in
891 1121 1015 1186 Lacon.
1024 1129 1057 1186 et
1071 1118 1288 1203 Messeniae.)
1302 1128 1340 1184 ot

246 1222 358 1305 pileus
386 1221 476 1305 apud
504 1221 686 1306 Spartanos
706 1222 893 1287 nobilitatis
916 1222 1056 1305 Insigne.
1100 1222 1206 1287 Pilais
1223 1227 1338 1286 antam

247 1323 413 1388 adduntur
436 1323 560 1387 stellrm
590 1321 776 1406 (Apuleius
797 1336 837 1385 x.
863 1320 1001 1387 Metam.
1045 1319 1160 1386 Valer.
1177 1320 1336 1399 floccus,

246 1422 431 1505 Argonaut.
454 1439 488 1486 ν.
512 1420 606 1505 361.)
627 1444 703 1506 quoe
724 1423 957 1505 navigantibus
979 1422 1153 1488 salutares.
1198 1420 1338 1485 Louian.

248 1520 471 1605 Dialog-cit
495 1523 621 1589 Horat.-
637 1542 662 1588 ι.
686 1522 753 1589 Ori.
777 1524 812 1588 3.
835 1523 868 1587 3.
901 1522 1006 1587 Silius
1032 1537 1098 1585 xv.
1123 1520 1239 1587 Punic.
1261 1520 1338 1585 643.

248 1621 420 1700 Quocirca
433 1642 499 1687 nou
514 1624 623 1688 solutu
644 1622 725 1706 pilei
747 1623 782 1687 bi
805 1623 929 1686 stallati
952 1622 1188 1687 maritimarum
1208 1621 1339 1687 urbium

246 1722 316 1806 (tot
331 1708 488 1789 Nunrmis
511 1722 670 1806 testibus)
690 1729 854 1787 consueta
879 1722 1055 1804 symbola:
1076 1740 1188 1787 vernus
1213 1726 1247 1784 et
1271 1720 1339 1803 ipsi

246 1823 600 1906 Tyndaridaelittoreis
615 1823 753 1887 urbibus
766 1820 910 1907 (Plinio,
925 1820 1105 1900 Strabone,
1117 1828 1152 1887 et
1165 1822 1339 1905 Stephano

247 1922 489 2007 probantibus)
503 1941 566 1988 oua
576 1922 728 1987 (letusere
737 1921 881 1987 nomina.

290 2022 424 2087 Revera
436 2024 524 2087 euim
548 2021 643 2108 (aliis
657 2029 693 2085 et
710 2022 745 2085 io
765 2019 917 2087 ZodIaco
940 2040 1016 2087 esse
1030 2022 1191 2089 Geminos
1207 2042 1273 2088 uon
1287 2022 1339 2106 ig·

245 2119 346 2206 noro)
360 2122 591 2189 tautummodo
605 2128 681 2187 suut
690 2122 796 2205 ignes,
808 2122 976 2186 sibilorum
992 2125 1113 2205 instor;
1136 2123 1226 2208 qood
1236 2130 1339 2189 mete-

247 2224 297 2288 ori
315 2242 420 2306 genus
440 2225 670 2306 navigantibus
692 2242 899 2307 prosperum,
925 2225 955 2287 si
979 2224 1012 2288 in
1031 2226 1180 2290 antennis
1204 2226 1339 2290 navium

247 2330 409 2407 appareat
422 2324 606 2406 geminum:
628 2326 721 2389 triste
739 2343 821 2388 vero
841 2323 1144 2409 periculosumque,
1166 2326 1197 2391 si
1223 2326 1338 2391 solita-

246 2424 332 2488 rium
353 2422 460 2509 (quod
483 2424 630 2490 Helenen
654 2423 828 2509 tribuitur)
853 2428 886 2491 iu
905 2447 1007 2492 uaros
1032 2428 1217 2493 delabatur.
1260 2427 1339 2492 Sta·

247 2526 328 2604 tius,
342 2541 398 2589 ιιι.
421 2525 514 2607 sylv.
533 2527 566 2589 2.
579 2524 612 2590 8.
627 2525 771 2604 Seneca,
786 2525 831 2606 Q.
842 2527 964 2595 Natur.
979 2547 1005 2592 ι.
1017 2532 1048 2595 1.
1072 2530 1158 2595 Plio.
1177 2529 1225 2594 H.
1237 2529 1283 2594 N.
1298 2546 1339 2596 ιι.

291 2724 569 2792 Nummumbuuo
584 2727 727 2811 Oyzolio
745 2727 919 2808 debemus,
940 2729 998 2812 qni
1014 2747 1089 2792 euru
1107 2747 1127 2792 o
1146 2737 1244 2809 geute
1260 2729 1339 2795 Sul·

247 2825 413 2909 piciorum
426 2826 742 2894 Tromentina.
851 2847 855 2854 ·
1233 2839 1236 2850 ’

578 3086 765 3155 XXVIII.
810 3087 1017 3154 HECTOR.

639 3236 720 3303 err.
736 3252 794 3301 ιιι.
815 3234 905 3302 (lar.
919 3237 950 3301 6.

277 3412 289 3442 ‘
302 3407 483 3491 Postquam
494 3408 624 3476 Hector
636 3431 698 3495 per
708 3411 809 3476 aliam
819 3415 944 3495 partem
955 3411 1077 3476 relicto
1091 3430 1187 3477 curru
1202 3413 1300 3476 aufu-

736 3510 827 3577 erat!

220 3628 224 3636 “
291 3623 461 3701 Euenos,
487 3623 614 3690 Priami
638 3633 675 3689 at
701 3533 857 3692 {acubus
877 3628 978 3704 tilios,
991 3624 1337 3693 Andromachesmo-

246 3725 329 3788 ritus
349 3730 385 3788 et
399 3722 622 3805 Astyanactis
645 3734 764 3809 pater3
786 3727 932 3791 omnium
954 3726 1173 3810 Trojanornm
1195 3729 1337 3794 fortissi-

246 3843 319 3987 nLus
333 3845 342 3903 ;
351 3843 433 3988 1ιὲιιῧο
447 3825 574 3909 sospito
584 3825 687 3913 'I'roja
699 3828 979 3912 inexpugnabile.
1022 3829 1158 3906 Seneca,
1171 3829 1203 3892 in
1214 3828 1337 3893 Troad.

247 3943 425 4090 egrotis
441 4025 628 4093 Innumeras
661 4029 777 4094 clades
812 4027 938 4106 attulit,
965 4030 1127 4113 plurimos
1157 4029 1335 4110 interiecit,

247 4127 323 4188 curu
333 4123 440 4209 Ajaeo
451 4127 609 4210 singulari
624 4132 803 4196 certamino
816 4131 986 4215 pugnavit.
1031 4131 1133 4195 Hom.
1149 4130 1191 4198 ll.
1207 4157 1234 4208 η.
