2959 4875
267 316 272 331 '
409 342 459 391 nn
482 340 602 391 senno
624 340 797 391 comeso
820 342 893 393 nin.
916 343 966 391 vr.
1168 328 1233 400 2⁰7

135 484 328 554 Corinthum
344 485 498 567 egehnt,¹¹¹
514 484 624 551 tendit.
666 482 720 549 Eo
735 484 921 551 Diomedes
934 483 1097 567 expulsos
1107 493 1233 565 regno:

136 597 175 653 et
202 588 355 652 Ἔοικεν
378 584 561 669 prohibitus
583 584 759 652 Sninminn
783 606 805 651 n
830 585 1023 663 Telamone,
1051 584 1143 668 qnod
1167 584 1233 649 ire·

139 695 224 755 mem
253 686 386 751 insidiis
408 688 671 752 circumventum
693 704 761 751 non
781 686 1000 763 defendisset,
1022 686 1233 752 conveniunt.

140 789 274 855 Interim
291 788 513 854 Macedones
535 807 613 853 cnm
627 789 747 855 AEthrn
766 794 802 853 et
818 787 979 871 Clymene
998 786 1070 851 tilio
1090 786 1165 870 ejne
1188 789 1232 852 nh

136 889 405 955 Atheniensibus
418 889 597 972 recipitur:
623 888 844 972 Demophoon
862 894 962 971 etqne
978 886 1163 951 Athamw
1183 888 1234 953 fc·

136 992 185 1053 ris
206 996 351 1053 monent.
393 986 546 1053 Ceterum
576 989 635 1053 nhi
659 988 782 1071 plnres
806 1006 934 1065 eornm,
958 989 1018 1070 qni
1039 995 1231 1065 eveeorsnt,

138 1091 231 1173 epod
247 1088 437 1155 Corinthum
451 1088 555 1165 inere,
570 1096 706 1168 cavent,
729 1090 776 1155 nti
794 1090 905 1173 juncti
924 1089 1012 1153 inter
1033 1107 1083 1168 se,
1101 1088 1232 1169 singule

139 1191 386 1275 aggrederentur
399 1209 513 1273 mgna,
528 1190 682 1275 belloque
698 1192 824 1257 aditum
836 1191 880 1255 ed
892 1209 977 1256 snos
993 1189 1231 1273 patefecerent.

137 1292 223 1357 Eem
237 1312 303 1357 rem
319 1290 448 1357 Nestor
461 1292 624 1375 prohibet,
638 1294 788 1359 snodene
810 1292 986 1359 tentondos
998 1290 1093 1376 prins
1106 1290 1231 1355 civium

137 1394 285 1459 animos:
308 1412 418 1475 neque
431 1392 716 1471 committendum,
737 1395 788 1459 oti
801 1412 863 1477 por
877 1393 1081 1460 seditionem
1094 1390 1232 1457 erecte

137 1496 244 1559 omnis
265 1493 434 1559 intestinis
454 1492 637 1558 discordiis
659 1501 932 1577 corrumperetur.
976 1492 1096 1577 Neque
1119 1493 1231 1559 molto

136 1606 216 1678 pont
227 1595 402 1676 commit
415 1594 600 1661 Diomedes
614 1594 649 1661 in
663 1594 792 1659 AEtolin
808 1597 852 1660 nh
866 1594 921 1659 hie
931 1594 994 1679 qni
1008 1612 1068 1677 per
1083 1593 1229 1657 obsenti-

136 1694 277 1779 emejus
291 1713 433 1776 regnum
457 1694 674 1773 iniestebent,
692 1694 840 1760 OEneom
853 1700 886 1743 't
907 1691 1111 1760 multimodis
1127 1690 1232 1757 efflic-

137 1798 218 1863 tori:
235 1799 280 1864 oh
289 1818 368 1883 qne
383 1799 550 1882 proiectos
562 1798 606 1863 nd
620 1818 660 1864 eo
675 1798 764 1877 ioco,
773 1818 900 1878 omnes,
914 1817 999 1884 quoe
1013 1802 1168 1862 coctores
1181 1796 1230 1861 in-

131 1896 230 1981 jnrim
244 1907 424 1983 repeteret,
446 1898 617 1965 interficit:
638 1904 792 1983 metuque
816 1900 972 1965 omnihus
993 1897 1120 1962 circom
1141 1896 1229 1963 locis

135 1998 275 2082 injecto,
298 1999 398 2065 ieciie
426 2001 469 2065 nh
501 2000 573 2063 enin
598 2007 752 2084 receptos
777 2008 856 2066 eet.r
900 1998 983 2065 Inde
1009 2016 1071 2082 por
1099 2016 1229 2063 omnem

137 2098 309 2165 Grecinm
323 2102 415 2167 inme
436 2106 519 2176 omn,
542 2119 621 2165 enos
638 2100 784 2184 qnisqoe
807 2120 904 2184 reges
929 2100 1118 2183 occipiunt:
1140 2119 1229 2163 enm·

135 2221 223 2265 mnm
236 2203 268 2265 in
281 2201 334 2265 his
349 2202 406 2284 qni
419 2201 512 2285 epod
526 2199 667 2284 Trojem
681 2200 887 2268 bellaverunt
898 2203 1063 2278 virtutem,
1073 2218 1181 2282 neque
1194 2201 1228 2262 in
1242 2192 1248 2205 '

135 2303 319 2368 resistendo
334 2302 529 2388 annsqnnm
545 2302 634 2367 vires
648 2302 788 2369 idonens
802 2300 1047 2369 existimantes.
1094 2300 1149 2365 ite
1166 2318 1228 2364 nos

593 2464 770 2487 OOOWO

168 2567 184 2612 9
200 2563 298 2628 Deiph.
309 2562 484 2613 Aedem-l
500 2563 577 2629 Vniss.
589 2579 616 2614 ec
627 2565 727 2615 nomine.

137 2785 181 2821 nm
197 2773 325 2833 pertatem
341 2769 435 2820 iniere:
462 2771 499 2821 ihi
519 2773 587 2824 enim
598 2771 662 2824 dicit
702 2773 834 2836 denotem,
853 2787 911 2824 eom
929 2773 1059 2824 Setemine
1076 2771 1170 2836 ejecit,
1183 2771 1227 2837 qni

137 2847 241 2909 Nestor,
256 2847 369 2896 Oresten
386 2845 494 2896 Athenis
513 2849 614 2899 venisse
632 2856 662 2899 nt
701 2850 835 2900 residens
849 2852 969 2907 oontottt,
987 2857 1015 2900 et
1031 2848 1092 2898 inde
1104 2847 1228 2913 cyprum,

136 2923 277 2989 AEgirthnm
290 2921 458 2972 interficeret.
490 2923 541 2973 Sed
555 2923 612 2974 vide
624 2925 660 2975 ibi
701 2924 746 2974 nhi
758 2939 849 2974 novem
865 2924 996 2976 Salamine
1010 2923 1137 2986 condidit,
1154 2923 1227 2987 virg.

136 2999 253 3052 Ensteth.
266 3015 291 3064 p.
305 3003 378 3049 1469.
390 2999 432 3062 qni
444 2997 525 3050 refert
536 3001 658 3063 qtroedsm
700 3013 719 3049 ι.
730 2997 788 3050 AEn.
803 3007 810 3028 ⁴
822 3000 908 3068 Atque
915 3003 1034 3069 equidem
1042 3002 1168 3053 Teucrum
1175 3015 1227 3049 me·

135 3074 545 3140 prode¹'Ad›ndovscripeissedrd
552 3076 658 3135 wider,
699 3077 762 3126 mini
781 3077 879 3128 Sidone
897 3080 994 3135 venire,
1013 3077 1119 3128 Finthos
1136 3077 1227 3140 erpoi-

135 3151 280 3202 sPhocide.
306 3150 380 3201 Alios
391 3163 462 3212 vero,
473 3151 596 3202 Orestem
609 3154 660 3216 pri·
700 3167 756 3202 snm
776 3154 877 3217 patriis,
897 3169 962 3202 nove
985 3167 1065 3215 regne
1084 3158 1226 3214 petentem,

134 3239 174 3275 me
186 3227 211 3276 in
225 3225 373 3282 Phocidem,
383 3235 412 3276 et
423 3240 439 3276 s
451 3227 566 3278 Phocide
579 3229 659 3279 Athe·
701 3226 805 3276 horino
817 3227 875 3276 Beii
886 3244 893 3275 ε
905 3227 1006 3290 genitor
1014 3233 1068 3275 tom
1080 3227 1159 3275 Betnr
1171 3225 1226 3289 opi·

135 3313 180 3349 nm
193 3307 353 3365 pervectum,
367 3300 532 3350 intellexisse.
699 3315 768 3352 mern
777 3302 906 3350 vertebat
917 3301 1042 3366 cyprum,
1054 3305 1082 3350 et
1096 3299 1178 3349 victor
1188 3300 1227 3349 di·

163 3381 182 3408 ·
199 3374 444 3438 identrmqsioped
454 3375 595 3425 &cisthon
604 3391 660 3437 nge·
700 3379 769 3427 tione
782 3377 905 3426 tenehnt!
1030 3382 1036 3394 ⁴

134 3449 186 3513 iet]
203 3451 291 3514 Pingit
305 3449 402 3501 Noster
413 3448 586 3506 idomeneum,
598 3451 660 3502 Cre·
732 3461 746 3495 Ρ
761 3454 862 3503 Interim
872 3451 1022 3516 Mnesthesr]
1047 3451 1088 3503 hh
1099 3451 1155 3502 otiis
1167 3467 1226 3504 euc-

133 3533 160 3576 te
178 3527 324 3590 erpoinum,
341 3525 488 3592 confugisse
499 3527 662 3591 Corinthum,
702 3529 800 3581 toribus
820 3531 937 3580 divertor
958 3529 1021 3589 obit,
1046 3530 1090 3594 qni
1111 3529 1227 3580 scribunt

133 3601 201 3652 node
213 3611 305 3666 poster
320 3604 348 3651 in
365 3617 472 3668 regonem
488 3619 560 3655 enirm
573 3619 661 3670 recep·
702 3607 881 3669 Athenienses,
893 3607 997 3671 repniro
1007 3605 1156 3670 Mnestheo,
1172 3607 1225 3658 De·

132 3685 174 3728 tne
185 3687 236 3728 est.
700 3684 849 3747 mophoonti
861 3698 967 3749 regnum
979 3682 1126 3733 indidisse.

164 3755 230 3804 'Ee
244 3753 370 3805 nouere·
380 3756 585 3822 metuimus]
608 3759 661 3809 Ne·
731 3767 744 3802 t
772 3759 887 3822 OEnm]
913 3759 1008 3808 OEneor
1031 3757 1114 3821 Tydei
1141 3761 1225 3818 peter,

135 3829 257 3895 seioqnos
268 3839 386 3882 coctores
397 3832 439 3881 hic
452 3831 549 3882 Noster
557 3841 661 3884 cecoton
699 3849 763 3884 evus
774 3834 916 3889 Diomedis,
928 3847 975 3882 rex
988 3831 1129 3894 Ceiydonis
1146 3831 1171 3878 io
1183 3827 1225 3876 Ε-

134 3913 183 3967 est,
194 3907 239 3970 qni
251 3907 356 3966 scribet,
367 3905 520 3958 Diomedem
532 3921 660 3970 regnoer·
699 3909 769 3961 totis.

135 3983 232 4044 putenm
254 3982 406 4032 Corinthum
429 3983 543 4047 petiisse,
563 3984 608 4047 qni
630 3999 659 4035 re
730 3978 1112 4046 'fundadamentum
1137 3979 1226 4045 Fingit

133 4071 192 4108 vers
204 4071 232 4108 eo
244 4059 270 4108 in
282 4057 385 4108 ltotiem
396 4060 517 4111 eontniit.
698 4062 804 4122 Noster,
811 4056 962 4110 Diomedem
969 4057 995 4106 io
1003 4056 1120 4106 AEtoiism
1130 4055 1220 4109 rediis·

165 4135 227 4185 ἘΙ
247 4132 348 4197 Teucer]
371 4133 496 4185 Teiemon
514 4147 572 4185 cnm
592 4133 658 4184 Tes-
698 4153 745 4189 ee:
761 4136 829 4204 qnod
841 4134 929 4186 nescio
940 4148 973 4184 en
984 4133 1047 4185 dibi
1059 4133 1182 4200 reperim.

135 4221 203 4261 nen
213 4209 317 4261 rideret
327 4210 423 4275 iisqne
432 4209 513 4263 tretre
526 4210 608 4277 Ajseo
619 4223 658 4262 re·
1153 4221 1158 4230 ·
