2959 4875
257 366 322 431 244
618 382 777 433 urcrros
801 384 1005 433 caarsusrs

262 529 363 598 esset,
379 527 473 585 extra
493 524 616 588 moenia
636 521 827 587 tolleretur:
857 487 1003 603 namque
1027 523 1063 587 id
1084 524 1349 607 antiquissimam

260 622 388 703 siguum
403 622 490 687 coelo
506 624 711 707 sublapsum,
727 641 796 706 qua
809 626 1003 705 tempestate
1023 623 1093 697 llus
1108 624 1268 706 templum
1283 623 1351 689 Mi·

260 738 371 785 nervea
386 728 568 798 exstrueus,
583 741 689 805 prope
705 740 868 785 surumum
889 721 1014 803 fastigii
1035 734 1253 806 pervenerat:
1284 726 1349 789 ibi·

261 840 325 903 quc
339 822 423 887 inter
436 840 537 905 opera
550 842 626 887 cum
640 820 803 886 necdum⁶
817 827 967 905 tegumen
978 824 1229 907 superpositum
1245 828 1350 904 essct,

154 948 157 959 ·
262 920 375 985 sedem
399 922 465 986 sibi
488 922 720 1005 occupavisse,
743 922 844 1005 idque
868 924 996 1004 signum
1018 923 1109 1005 ligno
1132 923 1351 989 fabrefactum

260 1038 346 1086 esse.
391 1020 610 1087 Hortantibus
635 1022 710 1086 dein
734 1023 855 1086 uostris
876 1022 927 1086 nti
949 1042 1063 1086 secum
1085 1023 1129 1087 ad
1151 1042 1191 1087 ca
1212 1024 1350 1089 omnia·

262 1123 448 1199 eniteretur,
465 1121 624 1185 factumm
640 1141 677 1185 se
691 1140 769 1205 quse
785 1129 952 1204 cuperant,
964 1123 1144 1206 respondit
1172 1122 1286 1207 Atque
1296 1124 1351 1189 his

261 1220 428 1305 praedicit,
449 1222 579 1304 publice
594 1242 631 1287 se
646 1222 678 1285 in
694 1222 836 1287 consilio
851 1242 952 1305 super
968 1225 1129 1307 qualitate
1145 1244 1256 1290 eorum
1272 1245 1349 1307 quae

262 1322 463 1405 postulaturi
486 1328 597 1387 essent
618 1322 786 1386 exertius⁷
807 1321 1044 1401 disserturum?
1071 1326 1196 1390 scilicet
1216 1344 1258 1389 ue
1282 1342 1351 1408 qna

262 1420 411 1505 suspicio
427 1420 481 1483 sni
495 1419 584 1505 apud
601 1421 765 1485 barbaros
783 1421 931 1485 oriretur.
978 1421 1030 1485 lta
1043 1425 1234 1505 composito
1249 1439 1351 1505 nago-

262 1523 319 1600 tio,
333 1541 409 1586 cum
423 1519 497 1587 luce
512 1519 613 1585 simul
623 1518 819 1586 Antenoreo
832 1520 947 1604 reliqui
958 1540 1111 1605 proceras
1121 1523 1164 1587 ad
1179 1523 1350 1589 Priamum

261 1622 404 1703 vadunt;
424 1619 585 1685 nostriani
600 1639 704 1684 nares
720 1620 868 1685 redeunt
910 1618 973 1705 [6.]
996 1620 1081 1686 Dein
1095 1622 1154 1686 ubi
1163 1624 1258 1707 justa
1269 1642 1352 1707 pua·

264 1724 330 1791 ris‘
344 1722 436 1787 iacta
451 1728 537 1801 sunt,
550 1728 627 1805 post
641 1722 727 1787 diem
746 1723 878 1786 tertium
894 1721 1008 1787 loeus
1021 1723 1232 1806 supradictos
1244 1723 1351 1789 ducas

264 1824 410 1891 accitum
423 1822 533 1887 venit:
555 1821 630 1903 quis
656 1822 875 1903 presentibus
891 1820 1068 1905 Lampus:¹
1083 1824 1252 1905 ceterique
1267 1843 1352 1907 quo·

262 1942 332 1987 rum
355 1922 529 1987 consilinm
551 1923 771 2005 praevalebat,
788 1923 894 1987 multa
916 1923 1090 2001 disserere,
1104 1929 1206 2007 atqua
1229 1922 1351 1988 dooere

263 2042 305 2088 ca
321 2020 399 2108 ques'
417 2027 516 2086 antea
533 2026 625 2105 gesta
645 2029 768 2099 esseut,
782 2030 905 2087 temere
921 2027 955 2085 at
973 2020 1186 2099 inconsulte,⁸
1199 2039 1267 2085 non
1288 2040 1351 2104 per

263 2144 313 2203 ae,
338 2124 463 2208 quippe
484 2124 553 2206 qui,
583 2122 740 2187 contemti
763 2121 978 2206 despectique
1007 2141 1027 2186 a
1055 2121 1185 2205 regulis,
1208 2121 1348 2185 arbitrio

264 2226 373 2290 alieno
388 2230 535 2307 agerent.
579 2222 734 2287 Ceteram
750 2221 843 2304 quod
856 2240 948 2286 arma
962 2221 1123 2286 adversus
1142 2220 1284 2285 Graecos
1299 2229 1352 2285 tn·

262 2325 390 2403 lisseut,
403 2344 470 2389 non
485 2330 607 2407 sponte
620 2322 765 2386 sactum:
786 2322 997 2405 uamqneqni
1013 2322 1077 2385 sub
1089 2321 1228 2404 imperio
1243 2321 1353 2385 alieno

263 2432 406 2509 agerent,
424 2422 671 2507 expectandum
685 2422 748 2502 his,
771 2427 870 2507 atque
892 2422 1125 2506 exequendum
1140 2443 1216 2490 esse
1232 2429 1351 2488 nutum

263 2525 334 2607 ejus
349 2524 407 2608 qni
422 2530 552 2588 teneat·
589 2522 643 2587 Ob
657 2541 734 2607 quae
747 2522 886 2605 dignum
898 2541 974 2588 essa
987 2520 1148 2590 urecosf
1159 2523 1239 2588 data
1252 2523 1352 2588 vania

722 2681 901 2705 oeconomo

264 2785 385 2848 uDelplr.
398 2789 545 2847 regmpr
558 2785 632 2847 Vola.
643 2783 772 2833 turritan
782 2784 938 2832 drumm.
964 2782 1016 2832 lla.
1029 2779 1143 2830 Danielis
1151 2778 1259 2828 exterius
1267 2779 1354 2830 dirre-

266 2853 353 2896 turam.
389 2849 441 2898 Ma.
463 2849 557 2899 Petav.
579 2845 1236 2908 ‹saeuam-suerpn.tnmn1u.-s
1257 2844 1353 2908 Delplr.

751 2971 859 3022 NOTAE

296 3067 458 3118 ⁸litiatoria
472 3068 503 3116 ari
519 3081 547 3117 ea
565 3067 651 3129 amin,
664 3066 716 3129 tre]
740 3065 787 3115 Utt
857 3073 870 3100 ²
896 3063 993 3127 Pueris]
1021 3064 1130 3114 Helene
1150 3071 1180 3114 et
1201 3062 1354 3125 Alexandri,

264 3157 350 3193 rreum
362 3157 393 3193 ea
402 3143 486 3192 omnia
501 3149 622 3204 tentaret,
632 3146 786 3192 conantur:
825 3154 888 3204 quor
897 3154 1007 3190 camere
1018 3139 1093 3190 ruina
1102 3153 1181 3204 aspre
1190 3137 1302 3189 obtritos
1313 3152 1353 3190 rc·

264 3224 294 3266 ut
315 3215 459 3266 Palladium
481 3217 592 3282 eripere,
613 3222 640 3267 et
657 3215 709 3265 alla
729 3229 787 3280 que
826 3215 887 3265 t'ert.

265 3289 416 3342 usuiorenr.
860 3290 1001 3354 impar]
1028 3289 1124 3340 Nescio
1145 3301 1207 3339 rane
1224 3287 1281 3352 quir
1301 3289 1352 3340 irte

295 3365 308 3399 Β
327 3366 613 3430 Ruertirrdirrertrrrur]
631 3364 790 3416 Omninoits
828 3363 1354 3430 tuearnaupraeajmprentrtueeen·

265 3439 444 3502 scribendum
460 3455 517 3490 uam
533 3440 599 3504 quod
612 3441 686 3503 rotgo
697 3439 789 3490 erlehe·
828 3440 912 3488 silium
923 3439 995 3490 dlclt.

266 3520 317 3574 tar,
327 3521 334 3542 ¹
344 3515 484 3563 exereitum
494 3513 672 3573 desertarum,'
683 3528 788 3577 prorsas
859 3520 871 3546 ⁰
888 3513 938 3568 Qui
947 3514 1037 3577 meat]
1051 3513 1075 3561 1.
1085 3511 1129 3577 qul
1138 3511 1295 3562 domiuum:
1306 3512 1353 3576 qui

265 3588 401 3637 abrnrdnru
413 3595 467 3638 ert:
487 3601 534 3637 aec
549 3589 639 3636 mellus
650 3588 676 3636 iu
687 3588 787 3638 Danie-
828 3587 963 3650 imperium
974 3586 1076 3636 haben.

265 3660 718 3722 lialibro,‘exterinrrlisrertururn.’
752 3660 789 3711 At
859 3660 991 3722 ‘num
1006 3674 1056 3711 mr
1071 3659 1180 3724 Grecos]
1203 3659 1352 3724 Dupliciter

265 3737 290 3788 in
301 3735 452 3799 l’etarlauo,
460 3735 468 3762 ‘
475 3735 592 3786 exertius
601 3734 787 3787 disserturum!
826 3738 875 3788 lroc
884 3745 971 3801 potest
982 3737 1129 3800 intelliqifll
1140 3737 1221 3798 dces,
1231 3735 1353 3799 ‘dignm
1477 3780 1478 3795 ,

266 3815 303 3866 At
315 3815 391 3879 prulo
407 3820 465 3878 port
480 3814 576 3864 diserte
595 3814 709 3863 Danielis
723 3813 788 3863 liber
827 3813 957 3878 negotium
967 3827 1025 3861 esra
1035 3811 1285 3862 Grecoreonrulare
1295 3811 1353 3873 ela:
1476 3850 1477 3877 ,

264 3891 352 3946 trahet,
369 3889 442 3954 ‘qus
455 3887 632 3939 adversarum
645 3888 788 3952 proprtrla
826 3891 876 3940 tro.
918 3887 979 3949 Vel,
1007 3888 1127 3951 ‘dignum
1145 3901 1203 3936 erre
1224 3885 1354 3948 unca:
1475 3930 1476 3957 ,

264 3964 378 4016 exertius
388 3963 567 4013 disseruisset!
599 3962 787 4026 ‘liserte'pro
826 3977 874 4030 pro
890 3962 1026 4014 ‘Gracia'
1055 3960 1202 4025 ‘Dignum'
1221 3960 1289 4010 culm
1307 3975 1351 4012 ac-

264 4038 396 4095 audacter,
413 4036 581 4099 confidenter,
599 4051 656 4087 cnm
676 4037 786 4086 alterca-
825 4039 942 4089 caratlrc
952 4037 1079 4101 jungitur,
1090 4034 1272 4086 subintellecta
1282 4035 1353 4086 reili-

263 4115 352 4244 ἔξω
376 4114 505 4177 elegantia
523 4113 579 4175 cjnr
599 4113 694 4165 retuli.
719 4111 786 4162 arer-
825 4111 1074 4238 gztnprtporitloue,
1089 4111 1167 4173 ‘per'
1185 4110 1227 4159 rel
1241 4109 1350 4159 ‘recun-
