2959 4875
211 300 276 365 aot
584 316 745 364 orneris
769 317 926 365 aaaron

211 478 297 535 esse,
313 456 371 522 sed
387 457 645 525 Laomedontem
668 477 728 522 eos
750 457 1067 539 prioremlaesisse:
1091 460 1294 529 Antenorem

211 560 383 625 discedere
392 558 524 642 jubent.
569 560 650 624 Inde
672 560 794 643 Pylum
819 560 863 623 ad
887 560 1063 627 Nestorem
1084 566 1185 641 venit,
1207 566 1295 631 dixit

211 660 350 726 Nestori
365 660 487 744 quade
502 679 604 725 cansa
619 661 776 725 venisset.
819 658 888 737 Qui
903 669 936 725 ut
957 662 1094 739 audivit,
1115 665 1223 747 coepit
1236 667 1295 730 ob-

204 764 348 847 jurgare,
363 782 421 826 cur
436 780 539 826 ausus
554 763 598 826 sit
611 763 645 825 in
661 761 827 827 Graeciam
841 764 963 838 tenire,
978 782 1053 827 cum
1069 784 1090 827 a
1103 764 1294 848 Phrygibus

210 865 324 931 Graeci
338 864 429 947 prius
443 864 518 929 laesi
533 864 683 929 luissent
728 863 795 927 Ubi
810 863 939 928 audivit
953 864 1103 929 Antenor
1123 866 1170 929 nil
1187 868 1293 949 impe·

209 976 328 1041 trasse,
343 972 378 1027 et
392 964 632 1029 contumeliose
653 964 781 1029 tractari
797 961 977 1040 Priamum,
996 966 1107 1031 navim
1131 985 1294 1033 conscen-

209 1068 270 1145 dit,
292 1068 426 1131 domum
451 1084 602 1131 reversus
624 1074 684 1129 est
729 1066 864 1130 Priamo
888 1067 955 1147 regi
979 1066 1192 1146 demonstrat,
1207 1088 1294 1151 quo·

209 1169 311 1235 modo
332 1166 561 1249 unusquisque
584 1166 810 1248 responderit:
833 1175 867 1229 et
881 1166 1049 1249 quomodo
1064 1168 1108 1231 ab
1124 1168 1191 1232 illis
1206 1179 1294 1233 truc·

208 1276 299 1336 tatus
323 1270 386 1332 sit:
416 1267 581 1350 simulque
603 1268 753 1332 hortatus
776 1273 827 1331 est
852 1267 1031 1345 Priamum,
1054 1276 1092 1331 ut
1117 1287 1176 1332 eos
1202 1270 1291 1333 bello

207 1375 439 1455 persequatur.
482 1370 545 1451 [tt]
568 1368 735 1433 Continuo
759 1369 912 1433 Priamus
932 1368 1022 1433 filios
1045 1371 1158 1434 vocari
1180 1369 1291 1451 Jobet,

207 1480 241 1537 et
255 1490 370 1535 omnes
382 1472 509 1535 amicos
524 1488 615 1546 snos,
627 1469 847 1555 Antenorem,
854 1468 1036 1547 Anchisen,
1045 1470 1186 1548 AEneam
1202 1470 1297 1535 nce·

206 1569 396 1655 legontem,‘²
412 1570 653 1649 Bucolionem,⁸
674 1566 861 1646 Pantbutn,‘
880 1570 1110 1653 Lamponem,‘
1123 1578 1160 1634 et
1175 1590 1291 1635 omnes

206 1671 295 1738 lilios
311 1674 369 1756 qui
383 1692 429 1745 ex
443 1672 638 1738 concubinis
658 1672 730 1735 nati
751 1679 855 1735 erant
899 1669 967 1748 Qui
993 1680 1041 1750 ut„
1056 1682 1289 1749 convenerunt,

206 1774 294 1839 dixit
307 1775 358 1839 eis
373 1794 411 1837 se
426 1772 624 1837 Antenorem
638 1771 783 1851 legatum
798 1772 834 1835 in
848 1770 1017 1836 Graeciam
1036 1772 1178 1850 misisse,
1198 1779 1235 1837 nt
1255 1774 1290 1837 bi

206 1873 272 1937 sibi
286 1874 517 1939 satisfacerent
531 1870 620 1955 qnod
633 1878 762 1953 patrem
780 1890 875 1935 suunt
895 1871 1081 1951 necassent,
1099 1872 1287 1939 Hesionam

206 1975 271 2039 sibi
286 1972 470 2051 redderent,
478 1973 554 2038 illos
569 1972 811 2037 contumeliose
820 1972 1008 2051 tractasse,⁶
1018 1971 1032 2009 ¹¹
1044 1983 1080 2037 et
1089 1972 1287 2039 Antenorem

204 2074 288 2139 nibil
303 2075 347 2139 ab
368 2075 417 2139 eis
441 2076 656 2157 impetrasse:
679 2090 792 2137 verum
807 2074 962 2156 quoniam
978 2076 1289 2140 suamvoluntatem

203 2177 312 2242 facere
325 2164 523 2252 uoluissent,
534 2173 636 2239 videri
653 2174 716 2237 sibi
726 2176 914 2239 exercitum
924 2178 959 2240 in
968 2177 1136 2242 Graeciam
1147 2177 1292 2253 mittere,

204 2279 263 2360 qui
287 2276 422 2360 prmdas
444 2282 592 2360 rapsret⁷
626 2275 669 2339 ab
690 2275 761 2354 eis3
786 2295 828 2339 ne
852 2275 1028 2341 barbarosi
1049 2277 1161 2343 Grani
1181 2278 1290 2342 irrisui

204 2377 371 2443 baberent.
415 2375 645 2458 Hortatusque
660 2380 714 2440 est
723 2374 876 2440 Priamus
890 2377 1015 2442 liberos
1028 2396 1121 2454 suos,
1138 2385 1174 2441 ut
1189 2376 1288 2459 bojas

203 2480 250 2542 rei
264 2480 431 2562 principes
455 2478 572 2553 forent,
597 2477 743 2542 maxime
758 2475 961 2542 Hectorem:
984 2488 1056 2542 erat
1077 2479 1162 2542 enim
1182 2479 1289 2561 major

203 2587 301 2644 natu:
323 2581 380 2662 qui
396 2580 502 2662 coepit
518 2579 636 2656 dicere,
653 2579 736 2642 velle
758 2577 945 2661 sequidem
967 2577 1170 2642 voluntatem
1185 2579 1288 2662 patris

203 2684 337 2766 exequi,
351 2688 386 2745 et
396 2679 632 2746 Laomedontis
648 2680 704 2743 avi
720 2679 773 2742 sui
789 2697 905 2743 necem
920 2679 1050 2756 ulcisci,
1062 2688 1097 2744 ct
1111 2697 1287 2762 quascum-

203 2802 267 2866 que
291 2784 429 2866 injurias
452 2781 565 2848 Graeci
588 2780 746 2864 'Ibojanis
772 2781 944 2856 fecissent,
968 2799 1009 2844 ne
1031 2765 1230 2862 impunitum
1252 2779 1285 2841 id

203 2881 317 2948 Graiis
342 2885 442 2948 foret:
465 2884 525 2948 sed
541 2883 656 2958 vereri,
679 2900 721 2944 ne
746 2879 834 2943 non⁸
857 2881 1013 2962 perticere
1040 2889 1176 2964 possent
1196 2879 1286 2965 quod

651 3076 832 3098 ”mle

233 3211 249 3256 6
267 3205 403 3258 l'ructmtter
421 3191 561 3272 nequ-t
581 3207 678 3271 Repetit
689 3207 832 3270 Deipb.-ti
848 3205 955 3256 Omittit
967 3204 1062 3267 Delpb.
1076 3192 1190 3254 voculam
1201 3218 1254 3252 mu.
1314 3254 1319 3261 ,

692 3399 797 3450 NOTAE

230 3509 242 3542 ‘¹
262 3511 438 3574 notamen]
453 3511 555 3576 Deque
568 3511 645 3562 Hom.
655 3512 685 3564 ll.
694 3518 720 3562 Γ.
759 3513 842 3570 sistet,
851 3513 860 3542 ‘
870 3512 926 3561 llius
936 3512 1119 3562 contumeliose
1131 3511 1234 3576 egisse!

107 3643 108 3646 Ἴ
199 3591 225 3636 et
236 3586 375 3648 virg-En.
388 3599 419 3636 tt.
790 3587 797 3618 ¹
814 3587 854 3635 Ne
865 3586 985 3649 barbam]
997 3587 1038 3636 Ne
1047 3587 1146 3636 mireris
1156 3588 1198 3638 bic
1211 3587 1284 3636 Pris-

230 3659 422 3723 sommum]
443 3661 540 3711 Priami
558 3661 664 3713 fratrem
677 3678 720 3727 ps·
760 3675 828 3710 mum
848 3675 876 3708 se
903 3661 986 3724 ipsum
1013 3661 1153 3710 barbarum
1181 3676 1283 3711 vocare.

199 3743 309 3790 ternum.
760 3738 827 3788 Num
839 3739 875 3786 slc
887 3734 955 3800 apud
970 3736 1119 3799 Euripidem
1137 3736 1243 3786 Hecuba
1254 3747 1282 3787 ct

230 3811 385 3876 tamma]
401 3813 504 3862 Patrem
518 3811 722 3880 Pulydamantis,
760 3813 861 3863 Hector
882 3826 909 3862 re
931 3813 1000 3876 ipsos
1021 3818 1116 3860 vocant
1138 3811 1282 3860 Barbaros:

198 3887 230 3938 dr
243 3888 488 3954 qnoapudliictyn.
760 3903 844 3952 neque
867 3895 929 3938 tunc
952 3888 1018 3937 mule
1040 3886 1147 3937 sonabat
1168 3886 1281 3950 appelta-

229 3964 409 4028 Hampunrat]
427 3965 542 4015 Fratrem
554 3965 661 4016 Priami.
761 3964 797 4013 tio
814 3963 868 4026 illu,
883 3971 912 4013 nt
922 3964 987 4013 mele
1003 3961 1104 4028 qnidam
1114 3961 1162 4012 sibi
1178 3974 1282 4025 persus-

229 4037 316 4090 ¹¹litor
333 4041 493 4092 contumeliare
514 4047 627 4092 amima
645 4041 720 4104 [tna-
760 4040 832 4090 deut.

196 4113 286 4176 tenter]
312 4115 397 4182 Deest
408 4114 520 4178 aliqnld5
538 4117 627 4166 melius
638 4117 717 4180 serip-
