2959 4875
389 484 800 561 CORNELIUS
862 487 1090 561 NEPOS

480 660 742 742 snmusrro
765 674 938 742 csrsro
962 676 998 739 S.

179 848 296 940 'Cen
312 878 419 943 mults
434 877 576 943 Athenis
591 878 837 943 studiosissime
851 898 996 961 egerem,
1017 878 1130 943 inveni
1151 878 1284 943 histori-

197 995 251 1040 sm
269 976 403 1041 Daretis
418 977 564 1061 Phrygii,
584 979 692 1061 ipsius
707 998 807 1043 menn
822 981 993 1064 scriptam,
1015 987 1055 1044 ut
1067 980 1184 1045 titulus
1197 979 1286 1044 indi·
1332 993 1339 1009 ⁸

196 1084 264 1153 est,
300 1079 465 1160 quamde
501 1078 633 1145 Groeois
658 1086 691 1144 et
718 1080 962 1165 Trojsnismem
989 1081 1069 1145 orire
1094 1080 1284 1145 munderit¹

197 1177 308 1257 Quum
329 1198 392 1263 ego
413 1199 541 1244 summo
566 1198 681 1244 umore
699 1182 912 1263 complexus,
936 1182 1095 1246 continuo
1119 1180 1283 1247 transtuli.

197 1278 261 1344 Gui
276 1280 357 1344 nihil
373 1280 595 1365 adjiciendum
606 1280 659 1345 rel
674 1280 921 1346 diminuendam
934 1280 1159 1347 reformandi³
1181 1296 1285 1346 cause

196 1381 328 1463 putavi,
342 1383 491 1465 alioquin
517 1401 591 1445 mes
611 1387 727 1465 posset
740 1382 856 1447 videri.
902 1381 1073 1466 Optimum
1093 1402 1170 1466 ergo
1192 1382 1286 1458 duxi,

99 1552 104 1559 ¹
196 1500 273 1545 vere
288 1488 322 1546 et
337 1482 532 1565 simpliciter
547 1483 747 1566 perscripta,
768 1484 798 1546 si
813 1502 886 1547 enm
902 1482 1122 1548 adverbum·
1143 1486 1177 1547 in
1193 1482 1287 1548 Inti-

196 1583 336 1647 nitatem
352 1588 663 1659 transverterem,ut
674 1582 824 1663 legentes
837 1602 1036 1664 cognoscere
1046 1588 1193 1666 possent,
1202 1602 1285 1666 qno-

197 1682 297 1747 modo
319 1682 372 1747 hae
386 1702 438 1747 res
453 1687 558 1765 gestes
573 1686 703 1747 essent:
726 1690 834 1747 utrum
859 1684 964 1765 megis
989 1702 1068 1748 vere
1088 1684 1286 1761 existiment,

197 1802 274 1867 quae
296 1783 408 1848 Dares
430 1783 595 1866 Phrygius
617 1782 786 1846 memoriae
812 1783 1070 1861 commendavit,
1084 1784 1141 1867 qni
1165 1802 1226 1866 per
1251 1782 1298 1847 id.

197 1890 331 1967 tempus
353 1884 439 1949 vixit
460 1892 494 1949 et
515 1883 681 1960 militavit,
696 1902 764 1967 quo
786 1883 901 1949 Groeci
926 1883 1094 1968 Troianos
1115 1902 1286 1967 oppugne-

197 1994 288 2063 rent;
303 2003 346 2048 un
361 1984 507 2050 Homero
520 1984 730 2061 credendum,
743 1985 800 2067 qui
816 1992 895 2068 post
904 1985 1031 2049 multos
1046 1984 1172 2050 annosi
1186 1991 1287 2050 nutus

197 2093 260 2163 est,
276 2105 375 2170 quem
397 2087 517 2151 bellum
540 2084 604 2149 hoo
628 2092 761 2167 gestum
783 2084 921 2151 fuisset:
945 2086 986 2149 de
1009 2106 1077 2169 qus
1095 2106 1129 2151 re
1146 2087 1285 2151 Athenis

192 2186 357 2271 judicium
372 2186 445 2263 fuit,
460 2206 536 2250 eum
559 2206 621 2269 pro
644 2186 785 2251 insonoe
810 2185 981 2251 Homerus
996 2188 1180 2266 haberetur,
1194 2186 1285 2270 qnod

199 2286 291 2351 Deos
305 2308 380 2352 enm
393 2287 586 2352 hominibus
601 2288 815 2369 belligerasse
830 2288 1023 2373 descripsit.
1045 2289 1112 2353 Sed
1126 2288 1284 2354 haetenus

201 2390 277 2453 ists.
322 2389 421 2455 Nune
437 2389 481 2455 sd
497 2388 684 2474 pollicitum
697 2396 912 2455 revertemur.

653 2551 830 2572 nonnemo

234 2660 246 2704 l
264 2652 356 2715 Delph.
367 2651 408 2714 φη·
418 2653 443 2700 d.
456 2651 488 2700 G.
500 2665 521 2700 e.
534 2651 561 2700 T.
572 2666 603 2700 ns.
614 2651 797 2718 commdmtem
806 2663 863 2698 enm
873 2651 921 2700 isse
931 2657 1006 2700 note:
1025 2657 1033 2680 ¹
1044 2649 1074 2699 ld
1084 2657 1138 2700 est:
1155 2652 1197 2716 qni
1209 2667 1287 2715 snper

203 2717 279 2767 rebus
290 2716 389 2766 Grecis
401 2725 429 2764 et
439 2715 556 2778 Troianis
567 2715 712 2777 posteritsti
723 2713 983 2764 eomendrsnr.’—s
999 2715 1096 2778 Delon.
1106 2715 1286 2782 reissrssssdae,

199 2789 227 2832 et
238 2795 296 2831 mox
307 2781 386 2831 hebet
395 2793 445 2829 esss
456 2789 516 2829 ente
524 2779 608 2842 possit.
1033 2795 1045 2818 ··

691 2857 797 2908 sossi

231 2965 243 2991 ⁸
259 2955 505 3020 Sissssndnerdsss]
522 2954 721 3018 ‘Eem’nempe
793 2954 859 3003 ‘Dr
876 2968 923 3017 μ
940 2967 967 3002 re
984 2952 1289 3016 Athenienses-seis,

199 3031 370 3094 ‘historiens
385 3031 517 3092 superiore
533 3029 588 3090 ilis,
603 3029 680 3079 ‘sere
694 3037 723 3078 et
761 3045 815 3080 esse
835 3045 879 3094 pre
904 3030 998 3093 ἄνω]
1030 3029 1073 3078 lte
1093 3029 1142 3078 hoe
1163 3029 1286 3092 seriptum

200 3109 351 3172 simpliciter
379 3104 541 3171 pencrtpn:
569 3112 629 3155 suut
655 3104 724 3154 sexti
763 3112 865 3176 est-ut
883 3105 942 3155 iude
959 3105 1016 3168 quis
1034 3104 1288 3167 existimomus,

199 3199 290 3234 ersus:
308 3183 385 3232 series
396 3189 446 3242 est,
455 3181 578 3244 optimum
587 3179 657 3241 duri,
666 3194 723 3229 num
764 3180 873 3232 Athenis
883 3181 943 3232 nlirn
955 3179 1088 3243 injudicio
1099 3186 1184 3227 netum
1198 3179 1287 3239 inisse,

200 3273 232 3310 es
247 3258 352 3309 historin
370 3271 431 3306 sere
447 3265 475 3306 et
496 3254 647 3319 simpliciter
666 3267 724 3317 per·
765 3257 888 3306 Deretine
904 3255 991 3319 potius
1009 3267 1042 3303 ru
1054 3254 1167 3303 Homero
1181 3253 1287 3304 ereden-

201 3333 619 3402 seriptssit,siesmlul.stinum
631 3345 724 3381 sermo·
765 3330 825 3380 dom
857 3330 935 3388 toret,
961 3327 1049 3392 ibique
1076 3326 1217 3376 Homerum
1239 3343 1286 3392 pro

201 3419 457 3465 uemeouserterem·
764 3407 853 3455 inssuo
878 3409 1006 3454 ereetum·
1050 3402 1126 3454 Quod
1156 3403 1214 3466 quis
1242 3417 1288 3452 un·

232 3490 244 3524 δ
262 3490 310 3546 an'
320 3493 372 3553 psat
383 3486 468 3537 sssltrr
477 3483 562 3548 mess]
585 3483 627 3532 De
645 3489 740 3532 etate·
765 3495 841 3547 qusm
853 3479 951 3530 sortivit
963 3479 969 3525 !
1003 3478 1084 3543 Atqui
1100 3491 1151 3526 nnn
1162 3478 1225 3527 illud
1243 3494 1287 3528 so·

200 3565 308 3616 Homeri
319 3565 382 3614 mire
392 3568 494 3612 veteres
504 3559 668 3610 dissentiunt.
690 3559 725 3608 Et
764 3556 812 3607 init
821 3557 923 3619 ineptus
932 3553 1061 3617 scriptor,
1086 3553 1133 3603 sed
1148 3553 1211 3603 illud
1230 3562 1287 3604 tsn-

199 3657 287 3695 enrnm
299 3640 411 3691 omnium
422 3637 555 3701 opiniones
567 3633 673 3692 referre,
686 3635 724 3683 nl·
765 3639 828 3693 tum,
839 3631 918 3680 tuisse
929 3629 989 3680 olim
1001 3629 1119 3692 Athenis,
1135 3629 1179 3694 qni
1192 3629 1288 3680 Home·

199 3720 248 3768 mis
259 3719 361 3781 longum
373 3721 451 3766 esset.
473 3712 724 3777 Egnuisdmoeer-
763 3723 819 3758 rum
834 3710 940 3759 stultum
957 3706 1113 3771 indicerent,
1127 3706 1196 3771 quod
1216 3708 1287 3756 Deos

200 3793 303 3844 tissimis
314 3789 471 3855 ergumeutls
483 3788 566 3838 esinei
583 3801 667 3851 posse,
678 3784 724 3835 no·
764 3799 822 3836 enm
830 3782 972 3834 isnmlnibns
983 3790 1127 3845 unguentes
1137 3781 1288 3841 inducerem

199 3871 281 3920 ruisse
300 3869 371 3918 ilium
392 3867 462 3917 eires
483 3860 663 3928 Olymplsdem
682 3866 721 3912 so
763 3867 791 3912 st
804 3860 939 3910 Pleione·
951 3857 1081 3919 intelligit,
1093 3852 1179 3920 quide
1190 3854 1297 3928 Home-t

201 3956 317 4010 tempore
337 3944 405 4005 regis
423 3942 516 3992 Numa
537 3942 594 3988 488.
619 3938 724 3988 eireiter
764 3937 912 4002 rotulorum
921 3932 982 3983 illud
985 3931 1113 3997 judicium
1121 3932 1190 3982 tollt.
1205 3930 1288 3997 Auno
1400 3947 1404 3952 ·

200 4021 274 4072 suuis
290 4025 350 4083 pest
366 4015 469 4080 'l'rojsm
487 4021 599 4078 neptem,
619 4021 647 4063 et
665 4021 724 4064 note
747 4015 808 4076 ⁸elii
818 4012 911 4062 merito
926 4009 1106 4059 dissentientes
1122 4007 1288 4074 estimarunt,

201 4099 329 4148 christum
336 4099 426 4144 netum
433 4095 490 4142 m.
499 4096 527 4140 et
535 4090 573 4140 its
581 4089 640 4138 olim
652 4097 726 4152 peter
765 4091 845 4140 solnm
856 4087 998 4136 Homerum
1014 4090 1060 4135 rut
1075 4083 1170 4136 sidisse
1185 4094 1232 4135 sut
1247 4101 1287 4136 ns·

200 4187 283 4234 meus,
300 4173 327 4222 iu
344 4170 432 4222 libello
452 4167 562 4230 celtico,
582 4165 615 4216 de
635 4165 725 4218 Poiitis
765 4165 877 4218 tendisse
886 4161 981 4211 formes
991 4159 1113 4211 Deorum.

150 4250 155 4258 '
202 4250 311 4302 Grecis.
