2959 4875
416 351 465 398 nn
490 349 609 400 annno
632 349 807 400 ruorauo
831 349 903 400 ιιι.
928 349 962 398 v.
1166 337 1231 403 001

138 494 260 573 Cerea,
271 490 492 576 difficilesque
508 493 603 558 Deos
615 493 651 558 iu
666 497 746 558 vota
756 492 879 576 fatigat

139 594 373 678 Nequicquam
388 614 398 674 ;
411 592 507 676 jacet
520 594 577 658 ille
592 592 740 677 quidem,
752 592 1082 678 lapsuaqnejnqales
1166 592 1232 660 000

137 695 296 778 Impedit,
309 701 345 759 et
359 713 453 760 curru
469 713 536 759 uon
550 700 755 776 agnoscente
765 695 903 760 fatiscit.

182 797 286 862 Hunc
301 797 359 860 ubi
371 797 579 881 praecipitem
590 795 683 872 volvi
697 795 811 860 videre
825 795 974 878 Pelasgi,

138 896 328 964 Pennificat
342 896 484 962 termido
499 897 634 980 gradus,
649 897 869 983 stimulatque
881 896 1035 964 volucres

139 999 194 1064 Ire
205 997 328 1084 pedes:
350 1000 483 1065 cunctis
495 1000 558 1065 iter
571 1005 624 1066 est
637 1001 680 1066 ad
699 1001 813 1066 littora
827 999 961 1082 longum

138 1100 183 1166 Et
196 1099 325 1165 tardum
338 1101 502 1184 repetisse
517 1109 621 1168 rates.
664 1100 714 1174 At
727 1101 879 1166 fulminis
895 1102 1001 1170 instar
1163 1105 1230 1172 200

139 1201 278 1268 Prosilit
291 1201 467 1281 AEacides,
481 1209 515 1268 at
528 1203 738 1270 formidabile
754 1202 922 1282 frendens,

139 1303 228 1368 Proh
244 1303 368 1388 pudor!
392 1305 578 1385 Inachidae,
593 1307 654 1372 rix
668 1306 751 1372 dem
764 1308 1005 1390 praesensimus
1017 1307 1144 1387 hostes,

140 1405 184 1470 Et
204 1404 278 1488 jam
293 1412 386 1488 terga
400 1407 529 1485 damus,
542 1407 669 1492 inquite
692 1409 864 1492 sylvaeque
880 1410 1017 1475 trabalia

141 1504 271 1586 Robur,
286 1507 320 1572 in
334 1509 490 1591 obliquas
502 1527 580 1592 quae
597 1510 739 1575 carbasa
753 1509 894 1592 porrigit
907 1529 1016 1586 auras,

141 1606 296 1692 Corripit,
309 1615 411 1692 atque
425 1610 533 1687 iterat,
552 1611 650 1676 Nunc
664 1630 699 1687 o,
714 1629 803 1674 nunc
817 1629 915 1674 nemo
930 1616 1101 1694 seqnmur,
1166 1611 1233 1702 210

140 1708 241 1774 Solus
255 1729 340 1788 eam,
355 1711 486 1775 uncam
501 1711 607 1776 solus.
652 1711 755 1791 Fugit
765 1711 858 1777 ilicet
871 1713 980 1776 omnis

139 1809 255 1875 Turba
270 1809 458 1894 Phrygum:
479 1829 544 1876 nou
560 1829 641 1876 arva
654 1810 755 1875 modo
771 1830 837 1876 non
850 1811 964 1878 littora
976 1813 1124 1894 nudant3

140 1910 208 1975 Sed
222 1911 383 1996 quicquid
396 1920 534 1996 pontum
548 1913 780 1997 Phrygiasque
793 1912 969 1997 interjacet
981 1933 1077 1980 arces

140 2009 296 2077 Accessu
311 2032 419 2079 vacuo
434 2015 565 2080 Danais
579 2019 695 2098 patet:
717 2015 856 2081 ultimus
871 2016 998 2080 Hector

139 2112 316 2198 Tanquam
330 2116 459 2180 instans
473 2117 574 2194 cedit,
588 2115 849 2201 indignatusque
867 2117 1013 2181 moranti
1168 2113 1234 2179 215

141 2213 235 2281 Arva
248 2217 328 2300 legit
341 2236 474 2299 gressum
497 2219 589 2301 cogit
602 2217 829 2284 moderantius
844 2218 918 2300 ipsa

142 2316 318 2397 AEacides,
330 2319 498 2404 flecdtque
514 2319 665 2402 gmdum,
677 2325 711 2386 et
724 2319 806 2404 qnia
820 2326 937 2384 neuter
950 2318 985 2383 in
999 2315 1102 2382 armis
1194 2355 1198 2362 ·

633 2484 744 2535 Nom

141 2606 233 2647 ‘ceres
243 2608 353 2659 panone
362 2594 380 2656 ς’
395 2596 511 2659 quamvis
528 2596 588 2645 libri
600 2595 668 2646 rari·
707 2594 813 2657 telligit.

142 2679 197 2724 aut.
229 2670 666 2735 OvidicainLaodamlseplstolaz
741 2672 789 2718 100
800 2666 1237 2734 Dsfflcllsaqselleaaiarstusstiynt]

139 2746 223 2799 ‘ilua
243 2746 330 2794 vultus
350 2742 449 2794 retent
470 2752 511 2794 est
527 2746 588 2795 anthi
608 2758 669 2794 cera
707 2746 839 2809 Papiuv.
854 2744 926 2809 syre.
940 2742 1236 2809 ‘Superaequainrats

141 2820 218 2873 tues!
234 2820 274 2870 De
282 2818 406 2870 Remedio
415 2818 475 2869 Aru.
485 2834 517 2869 ιι.
533 2820 576 2869 ‘Si
586 2826 669 2883 potes,
708 2820 821 2885 fatigat:
838 2820 906 2871 Vide
916 2820 960 2870 lib.
969 2834 1001 2869 rr.
1011 2824 1071 2871 400.

142 2906 171 2948 et
181 2910 381 2947 csraaremore:
399 2894 462 2959 quid
474 2895 586 2959 imagine
597 2903 669 2948 muta
740 2903 790 2947 000
807 2898 945 2961 lapsusque
960 2897 1059 2957 malea
1081 2895 1195 2960 inpedit,
1212 2902 1238 2948 et

141 2968 668 3037 Carperis?hucperiitlaodauriamodol
708 2970 1103 3035 camnargmamtssatiacit]
1115 2972 1191 3022 Prius
1201 2972 1236 3023 de
1345 2995 1349 3003 .

141 3047 208 3097 Vide
220 3046 302 3097 Pierii
313 3045 444 3096 Valeriani
455 3045 589 3112 epistulam
601 3047 667 3097 Pro·
709 3047 784 3113 equis
794 3047 936 3099 Protesilai
946 3046 1085 3110 implicatis
1093 3047 1185 3108 eapic;
1201 3047 1238 3094 al·

141 3122 226 3173 tssllai
246 3122 444 3184 responsoriam,
462 3128 490 3172 et
510 3128 595 3173 totana
612 3136 668 3173 rem
709 3119 1237 3184 umnaeeamnenayneacenreretero

142 3197 211 3263 apud
225 3197 356 3259 Hyginum
369 3194 423 3247 fab.
435 3200 490 3247 roa.
509 3198 555 3248 uhi
565 3199 668 3249 rimula·
710 3200 744 3250 ad
755 3199 819 3250 illud
830 3198 935 3262 virgilii
947 3197 1045 3259 osecg.
1057 3208 1078 3245 ι.
1094 3194 1139 3243 tin.
1156 3194 1237 3244 ‘Per-

142 3287 214 3325 crum
234 3272 367 3321 ‘ereum'
384 3286 431 3336 pru
441 3287 532 3323 mmm
552 3274 630 3333 rude,
641 3282 671 3325 ut
712 3283 754 3325 tur
764 3276 838 3339 equis
848 3274 947 3337 auriga,
956 3284 1040 3334 aeque
1056 3268 1130 3318 audit
1147 3282 1238 3319 curras

143 3348 671 3413 mutuatis,intltoauuerelegtrnffly·
711 3347 844 3415 habenas.'

143 3427 204 3492 fluo
221 3434 250 3476 st
265 3425 329 3475 illud
344 3425 510 3488 eoutmlnrn,
529 3425 598 3491 quod
617 3427 672 3477 riae
743 3427 791 3475 200
803 3418 1054 3487 renuatur-tta
1071 3420 1174 3483 assas]
1195 3418 1239 3469 Aa

142 3502 237 3555 marite
246 3503 375 3565 expirasse
383 3500 499 3567 tingitur,
511 3501 564 3563 rel,
572 3508 603 3553 at
613 3501 667 3566 alli,
708 3500 822 3565 Virgiliii
832 3500 876 3549 illa
893 3497 1009 3561 respicit,
1019 3494 1143 3560 ‘pedibus
1155 3495 1239 3545 -tlrnar

142 3578 316 3633 Protesilaum
354 3577 466 3627 reditum
503 3576 668 3643 impetrasse.
708 3576 811 3629 eddidit
841 3574 914 3636 alas,'
942 3571 1013 3623 naas
1038 3571 1103 3621 tras
1128 3574 1239 3633 anah.

144 3652 601 3721 Propere.unumquenque.
626 3653 670 3705 lta
708 3647 1241 3708 ‘Pennitieat'rerot'eunatntllahl'tse-

144 3733 233 3785 bisina
243 3729 406 3781 Andronicus
416 3730 578 3781 hodarnim
590 3731 670 3783 iutro·
708 3743 755 3779 cns
765 3740 787 3779 ι.
802 3725 811 3755 ‘
821 3724 966 3787 territieat,'
976 3730 1008 3773 ut
1016 3723 1116 3773 Plinius
1126 3731 1134 3753 ⁴
1143 3722 1240 3773 elarin-

145 3808 222 3860 duxit
240 3805 353 3857 reditum
373 3811 523 3855 sacrantem
544 3808 671 3871 coniugis.
709 3805 884 3857 cavum.

146 3885 320 3947 Hieronymus
327 3880 399 3931 illam
406 3880 493 3931 occiso
501 3882 672 3933 maritunolu·
744 3884 794 3930 att
805 3874 1130 3940 litsuna‘datilesresdeas]
1141 3874 1239 3926 Hosne·

145 3963 197 4013 isse
207 3957 373 4023 supervivere
383 3956 486 4021 scribit,
495 3957 618 4009 adsersus
627 3960 673 4013 Je·
712 3970 757 4006 rua
771 3955 805 4005 11.
819 3960 850 4004 a.
870 3952 984 4003 statum
991 3954 1131 4016 mapulas
1147 3951 1239 4014 rme·

146 4037 242 4089 sinian.
258 4048 279 4084 ι.
290 4047 316 4097 p.
326 4036 382 4084 114.
408 4032 477 4084 Vide
499 4034 634 4098 Papiniani
644 4050 672 4087 v.
712 4048 786 4082 nm:
803 4030 872 4081 uude
888 4028 1013 4092 Virgilius
1031 4026 1149 4092 deduxit,
1166 4028 1240 4077 ‘risit

146 4112 294 4176 sylvarum,
305 4109 347 4161 ubi
359 4119 447 4161 tamen
455 4110 598 4162 Politiauus
610 4113 673 4176 poli·
712 4109 795 4159 mista
802 4106 947 4158 Menoetius
957 4102 1015 4155 ira!
1031 4103 1126 4168 Papia.
1135 4116 1197 4157 ιιιι.
1205 4102 1239 4154 da

148 4186 262 4239 tissimus
270 4200 318 4253 per
330 4186 488 4253 Phylaceida
495 4187 619 4240 Alcestim
635 4188 673 4238 iu·
712 4186 818 4251 Tydes:
836 4193 882 4236 ‘et
891 4180 1053 4235 formidabile
1063 4178 1167 4231 uuam:
