2959 4875
232 314 298 380 336
605 330 768 380 orneris
790 330 951 379 aaaron

233 480 338 550 mato,
353 482 389 537 et
407 472 623 556 jurejurando
648 473 814 550 astricto:
838 474 957 537 enodet
981 472 1199 557 Polydamas,
1221 482 1326 539 noctu

233 576 414 638 exereitum
428 574 470 637 ad
492 580 622 656 portam
643 574 777 637 Seaeam
790 582 829 637 nt
842 574 1026 651 addueant,
1039 576 1101 639 ubi
1113 576 1324 639 extrinsecus

234 684 338 757 eaput
353 677 430 757 eqni
447 677 573 761 pictum
587 684 668 752 eut,P
689 677 738 739 ibi
751 676 912 760 praesidia
924 676 1048 740 habere
1063 688 1163 741 nootu
1176 675 1325 741 Mteno-

234 796 303 839 rom
316 796 391 840 oum
406 776 564 851 Anchise,
576 777 810 859 exercitusque
823 784 929 840 noeto
947 784 1079 860 portam
1095 786 1325 854 reeemmros,‘¹

234 878 351 960 eisque
365 879 475 942 lumen
490 878 690 960 prolaturos.
733 876 778 941 ld
792 878 923 959 signum
936 878 1125 960 eruptionis
1134 877 1217 955 iore,
1231 878 1325 961 qnod

233 979 283 1043 ibi
298 986 423 1062 praesto
437 980 544 1043 forent
558 981 615 1061 qui
639 978 682 1042 ad
705 980 833 1061 regiam
857 998 918 1043 eos
939 979 1075 1043 dooant.
1116 978 1323 1060 [41.]Post-

234 1084 336 1162 quam
350 1086 471 1163 pacta⁹
484 1080 681 1145 confirmata
695 1088 786 1157 eunt,
802 1079 1007 1164 Polydamas
1018 1080 1057 1142 in
1067 1078 1233 1163 oppidum
1245 1078 1325 1143 red·

233 1180 287 1259 it,¹
317 1181 408 1246 iacta
432 1182 611 1259 renuntiat,
637 1182 719 1246 dicit
740 1181 905 1245 Antenori
927 1188 962 1245 et
984 1180 1116 1258 AEnete,
1137 1182 1326 1263 odorisque

234 1282 433 1363 quibuscum
445 1289 555 1348 actoru
567 1290 652 1359 erat,
668 1290 706 1347 nt
729 1302 811 1347 suos
833 1300 950 1347 omnes
972 1282 1016 1346 ad
1038 1282 1172 1347 Sosiam
1195 1288 1327 1364 portam

234 1381 416 1461 adducant,
431 1394 535 1449 noctu
550 1386 682 1449 Soaeam
695 1392 829 1467 portam
843 1384 1008 1465 aperiant,
1020 1383 1130 1447 lumen
1140 1382 1325 1457 ostendant,

234 1485 415 1549 exercitum
431 1485 656 1550 introducant.
699 1485 851 1548 Antenor
864 1490 899 1548 et
912 1484 1041 1547 AEneas
1060 1488 1164 1548 noeto
1186 1482 1230 1546 ad
1244 1500 1323 1564 por-

234 1590 302 1649 tam
330 1594 455 1669 praesto
476 1586 617 1663 suerunt,
633 1585 893 1668 Neoptolemum
915 1590 1151 1667 susceperunt,
1163 1583 1328 1647 exercitui

234 1693 361 1769 portam
375 1694 613 1765 reseraverunt,
635 1688 750 1751 lumen
771 1684 996 1761 ostenderunt,
1021 1685 1112 1766 fugae
1132 1684 1326 1768 pmmdium

235 1788 300 1851 sibi
316 1794 350 1853 et
364 1789 435 1852 suis
448 1789 602 1853 omnibus
618 1794 654 1852 ut
668 1794 758 1852 esset
771 1786 1035 1869 postulavemnt.
1080 1785 1329 1868 Neoptolemus

234 1888 451 1971 irruptionem
472 1889 564 1967 faeit,
587 1888 757 1972 Trojauos
772 1888 887 1965 caedit,
908 1889 1123 1971 persequitur
1145 1887 1327 1962 Priamum,

235 2006 332 2070 quem
356 1996 432 2052 ante
458 2008 550 2053 aram
577 1989 698 2054 Jovior
724 1990 912 2053 obtruncat.
955 1987 1113 2063 Hecuba,
1137 1984 1218 2048 dum
1242 1984 1329 2066 tagit

235 2108 312 2153 oum
341 2088 529 2173 Polyxena,
558 2090 676 2154 AEneae
705 2091 864 2167 occurrit,
889 2088 1100 2171 Polyxenam
1124 2086 1158 2149 ei
1178 2084 1328 2161 tradidit,

235 2208 337 2273 quam
352 2192 480 2255 AEnem
501 2191 544 2254 ad
567 2197 695 2275 patrem
708 2187 892 2253 Anchisem
911 2187 1099 2253 abscondit.
1140 2185 1328 2249 Androma-

235 2291 301 2355 cha
314 2299 347 2357 et
363 2291 554 2356 Cassandra
578 2292 613 2355 iu
628 2289 702 2354 sede
725 2290 914 2354 Minervae·
936 2308 974 2353 se
1000 2295 1126 2370 tegunt
1167 2286 1258 2351 Tota
1271 2286 1329 2353 die

235 2396 269 2456 et
289 2400 390 2457 noete
414 2391 531 2474 Argivi
544 2411 622 2456 non
646 2400 781 2456 cessant
805 2397 949 2467 vastare,
972 2389 1121 2474 praedam
1144 2392 1328 2472 aporiare

235 2491 319 2574 [⁴2]
341 2493 524 2579 Postquam
540 2493 613 2558 dies
634 2493 759 2569 illuxit,
783 2489 1012 2576 Agamemnon
1034 2509 1148 2554 omnes
1167 2490 1269 2553 duoes
1291 2489 1327 2552 in

237 2611 346 2659 arcem
357 2595 519 2661 Minervae
533 2601 721 2661 convocat:
737 2595 816 2660 Diis
830 2595 953 2674 gratias
962 2591 1043 2673 agit,
1057 2590 1246 2655 exereitum
1257 2588 1329 2653 ool·

236 2695 364 2774 laudat,
386 2713 517 2762 omnem
540 2697 687 2780 praedam
708 2694 809 2778 jubet
830 2695 864 2758 in
887 2692 1035 2756 medium
1053 2691 1183 2757 afferri:
1202 2709 1277 2755 eam
1291 2708 1329 2752 se

268 2964 372 3016 numa
384 2969 431 3018 nu
451 2971 523 3018 a-r
543 2970 626 3019 maro
637 2970 780 3033 nepa-⁸
798 2937 934 3018 onerata
950 2966 1047 3030 ocupa
1067 2967 1151 3028 supe
1167 2979 1209 3029 aa
1225 2964 1324 3030 oleon

238 3036 265 3076 t.
278 3029 398 3094 laragia
412 3033 420 3060 ⁶
468 3033 574 3083 reendra
584 3035 610 3082 lu
622 3034 704 3083 edem
715 3031 860 3083 Minerva!

730 3224 756 3274 N
759 3223 839 3274 01¹AE

237 3329 317 3380 bant:
342 3331 415 3395 enjus
432 3334 469 3382 rei
480 3335 561 3384 multe
571 3341 625 3386 tem
635 3351 668 3385 ex
679 3335 760 3385 saeris
801 3343 877 3385 tenor
887 3334 999 3398 aperuit,
1007 3347 1100 3398 equum
1112 3332 1201 3381 hebuit
1214 3331 1327 3394 pictum:

237 3419 313 3470 quarn
340 3421 373 3455 ex
400 3408 512 3470 profanis
535 3411 617 3461 literle
639 3412 761 3474 exempla
801 3411 853 3462 Sed
866 3407 1264 3473 eideplonapudDietymvr.

237 3493 371 3544 congeras.
831 3495 845 3529 e
864 3487 1034 3548 meumque
1050 3490 1121 3534 noete
1134 3489 1227 3546 wetere
1237 3499 1327 3534 resere-

268 3559 281 3585 ⁰
300 3555 489 3615 Etiudamdo
499 3557 610 3622 astricte]
626 3559 709 3610 Paeto
720 3573 759 3608 as·
800 3563 878 3626 teres]
901 3561 992 3611 Malim
999 3560 1131 3618 omnium·
1141 3559 1328 3622 exercituique,

238 3625 315 3680 triete
326 3628 504 3696 J'urey'urando,
514 3629 541 3678 id
557 3639 607 3695 eet,
616 3645 664 3696 per
675 3633 760 3697 jusju·
800 3631 1329 3699 (vel‘exercituque,')AutenoremetAu·

235 3701 351 3754 rendum.
800 3713 897 3762 adirem
908 3720 986 3761 noeto
997 3718 1157 3761 reeeretnroe
1167 3716 1267 3774 portem
1283 3724 1329 3760 ex·

268 3786 282 3822 ν
301 3778 347 3828 Uli
365 3781 509 3832 meismes
525 3783 657 3848 emersa·
672 3784 762 3848 mem
800 3786 913 3848 ereitoi,'
928 3786 1079 3836 (lreeomrn
1094 3786 1203 3838 seilicet.
1236 3785 1328 3849 Neque

235 3853 282 3918 at]
300 3853 388 3904 lenuit
402 3857 461 3920 eqni
475 3857 553 3922 lignei
567 3857 662 3909 fabule
676 3859 760 3909 locum
800 3861 868 3912 enim
883 3861 979 3911 dixisse
994 3861 1079 3926 potuit
1090 3861 1187 3923 Dares,
1197 3859 1328 3909 exercitae

235 3929 338 3978 dedisse
355 3935 435 3992 ceput
450 3932 576 3996 quinum,
594 3933 662 3999 qood
676 3941 760 3998 porte
799 3937 924 4001 'l'rojenoe
935 3943 1036 4000 portem
1047 3942 1215 3993 reseratnros,
1224 3947 1282 3983 oum
1290 3940 1330 3983 to·

235 4001 325 4064 Scae,
344 4019 418 4067 qoam
438 4005 539 4056 Graecis
560 4006 678 4058 Antenor
697 4021 760 4072 ape·
799 4017 855 4061 turn
870 4011 1013 4060 exereitum
1029 4008 1147 4059 Antenor
1160 4015 1189 4058 et
1199 4007 1290 4058 AEneas
1301 4009 1328 4057 in

236 4077 299 4135 ruit,
326 4077 481 4142 inscriptum
505 4080 564 4130 suit.
598 4083 700 4146 Nempe
726 4097 759 4132 ex
798 4099 858 4137 auae
870 4091 959 4147 partes
969 4097 1019 4132 non
1031 4084 1179 4133 traxissent.

236 4147 324 4199 Servio
335 4167 341 4199 :
353 4151 406 4202 ‘Ut
417 4153 470 4216 alii,
481 4163 565 4219 porte,
574 4170 649 4220 quam
657 4157 694 4207 eie
705 4158 759 4208 An·
829 4167 841 4193 ¹
855 4159 920 4209 Ante
929 4173 997 4208 m
1005 4156 1087 4219 devie]
1104 4158 1172 4207 Vide
1183 4157 1291 4221 Dietyu,
1299 4171 1326 4209 t.
