2959 4875
431 383 480 431 nn
503 381 621 436 nunno
642 383 814 434 anciano
840 384 912 435 utu.
936 385 971 431 v.
1174 369 1239 435 519

150 528 324 593 Armatam
338 527 515 613 probibere
530 533 645 610 parat:
664 525 878 592 muliebribus
891 527 948 594 ille

150 628 210 694 Nil
225 629 359 695 monitis
369 635 492 708 motus,
505 628 611 695 timidi
625 630 791 711 praesagia
804 648 909 694 sexus
1172 633 1238 697 445

150 731 294 814 Spernit,
306 738 342 796 et
354 732 532 815 impatiens
542 731 744 796 bellantibus
759 749 839 795 acer
852 732 972 796 abesse

150 831 267 896 Poscit
280 851 403 916 equos:
424 840 503 898 tunc
519 851 599 897 vero
615 851 740 911 amens,
757 840 838 899 tune
851 835 952 898 anxia
966 853 1085 900 vocem

149 931 267 1012 Tollit,
280 941 314 999 et
327 953 486 1000 occursus
499 955 611 1001 omnes
625 945 732 1019 rogat,
747 937 820 1000 exit
833 942 868 1002 et
883 937 985 1007 intrat

150 1033 292 1113 Incerta,
306 1055 346 1102 ac
360 1055 498 1120 parvum
513 1038 629 1101 matris
642 1037 788 1102 lamenta
801 1044 987 1120 stupentem

150 1135 360 1221 Astyanacta
372 1139 515 1218 trabem,
530 1138 730 1206 calcandum
739 1139 774 1202 in
789 1138 903 1202 limine
913 1141 1001 1222 patri
1172 1137 1238 1204 450

151 1236 291 1321 Objicit.
335 1239 495 1306 Induerat
508 1242 646 1326 galeam,
661 1235 823 1324 curruque
839 1241 976 1305 sedebat

150 1338 301 1406 Celsior:
323 1341 556 1407 Andromache
570 1343 705 1408 Priamo
717 1342 902 1426 praenuntia
912 1342 1044 1418 clamat,

150 1441 227 1506 Heu
243 1445 411 1524 morimur,
427 1464 594 1524 succurre,
609 1452 716 1529 pater.
760 1444 829 1509 Vix
847 1445 999 1527 principe
1010 1443 1129 1527 jussus

148 1543 298 1610 Tandem
312 1547 425 1625 haeret,
440 1549 629 1632 patiturque
644 1566 769 1626 moras,
783 1547 975 1612 moderante
986 1552 1138 1610 catervas

151 1643 343 1714 Memnone:
366 1647 426 1712 sed
441 1668 607 1733 nusquam
621 1647 770 1732 Phrygia
784 1649 849 1712 sub
865 1646 999 1712 casside
1012 1648 1087 1712 riso
1172 1647 1238 1712 456

151 1744 312 1825 Hectore,
322 1766 413 1813 meus
428 1748 557 1814 Danais
568 1750 687 1833 major,
702 1749 828 1814 fiducia
841 1749 961 1832 major,

151 1847 266 1931 Major
275 1849 309 1914 in
325 1868 416 1914 arma
429 1870 559 1929 manns,
574 1854 747 1936 majorque
760 1851 897 1916 licentia
909 1852 1021 1932 campi

151 1950 309 2016 Audaces
324 1951 466 2035 prolerre
480 1953 619 2036 gradus:
636 1952 709 2038 jam
725 1953 894 2036 Pergama
901 1952 1004 2036 juxto

151 2051 322 2135 Effugiant
335 2052 493 2137 Phryges,
509 2055 699 2120 exclamant
713 2059 902 2136 manesque
917 2071 1092 2137 monsque,
1117 2109 1122 2116 .

151 2151 239 2234 Quis
254 2154 436 2238 pulchrum,
450 2155 502 2221 vel
518 2157 611 2222 triste
623 2158 689 2223 suit
703 2157 746 2222 de
759 2155 927 2223 moenibus
941 2175 1034 2220 arma
1172 2155 1240 2218 460

152 2255 362 2339 Conspicere,
377 2262 412 2321 ot
422 2257 550 2322 miseris
562 2260 719 2341 quatiunt
729 2257 912 2323 ululatibus
927 2258 1052 2322 urbem.

194 2354 327 2424 Hector
342 2359 375 2422 in
390 2357 644 2426 Andromachen
657 2361 827 2426 oculorum
839 2358 981 2423 fulmina
995 2363 1162 2443 torquens,

638 2608 749 2663 NOTAE

183 2746 231 2795 449
248 2740 285 2792 Ac
299 2754 397 2805 mun
414 2740 499 2791 rastris
512 2742 672 2791 mitoda·
713 2740 747 2789 ad
768 2752 894 2791 armorum
913 2738 1125 2804 fulgoremque
1143 2739 1240 2789 cabila-

149 2821 396 2883 mundrtycrocto
404 2818 509 2883 tmlreas]
519 2818 673 2882 stupentem
713 2816 790 2879 ratio,
810 2830 868 2881 quse
896 2814 999 2877 laetitis,
1021 2830 1078 2880 que
1098 2813 1243 2866 exultatio?

150 2895 223 2957 dicit,
229 2894 284 2959 Jsm
297 2902 350 2943 tuor
362 2894 505 2945 attribuens
514 2894 611 2944 heroici
620 2894 674 2945 snl·
712 2894 778 2947 duro
790 2894 873 2956 robis,
884 2892 965 2956 eires,
973 2907 1020 2957 per
1031 2892 1148 2943 miserlar
1159 2907 1240 2950 meas,

150 2970 184 3019 uti
195 2969 321 3035 τικμήριιε
338 2970 427 3021 rnelius
447 2984 522 3035 quana
537 2971 674 3029 Homerus,
713 2984 772 3021 cum
790 2970 940 3033 clangentes
961 2969 1035 3019 tubas
1054 2969 1087 3019 sd
1103 2970 1239 3033 exploran-

150 3047 193 3111 qni
212 3047 284 3097 lllum
300 3044 410 3107 ldxorrc.
428 3042 574 3109 ὀτνχθῶηα,
587 3047 674 3111 renni·
714 3046 774 3096 dam
796 3046 873 3095 animi
894 3044 1043 3095 druritate·
1063 3045 1142 3094 semel
1162 3052 1240 3110 stqus

149 3138 225 3171 ram
235 3121 353 3187 depingit
363 3120 394 3173 ll.
404 3129 430 3172 z.
442 3123 509 3188 qnod
518 3125 580 3173 licet
589 3124 675 3187 pneri-
714 3124 808 3173 iterum
825 3120 957 3171 admoveri
970 3120 1115 3185 jussissem,
1132 3119 1201 3169 ultro
1212 3121 1240 3171 lu

150 3198 298 3248 liboranuis
314 3200 476 3257 conveniens.
496 3200 572 3249 aliter
587 3208 674 3250 taruco
714 3212 802 3249 esrum
821 3200 903 3247 sinum
921 3212 952 3247 sc
971 3195 1060 3245 isocen
1077 3197 1239 3246 minusculas

145 3274 274 3337 Judicabit
295 3273 391 3324 Podtas
415 3276 562 3339 respiciens,
584 3278 627 3340 qui
647 3278 674 3327 le
712 3273 1240 3337 inseruisse,tantumabt‘uit,ntdsterre·

149 3352 193 3400 rori
203 3350 450 3416 spelnorordicnut:
469 3352 541 3416 pueri
554 3354 620 3403 enirn
635 3369 673 3403 re·
714 3361 795 3404 retur.
827 3349 1240 3417 Slqoiserset,ntlfit,subortus

150 3428 186 3490 gii
205 3433 282 3477 ‘onte
299 3440 377 3477 annos
394 3428 555 3493 animumque
572 3438 673 3497 gerunt,
713 3429 799 3494 fletus,
809 3444 859 3479 noo
872 3428 1032 3493 crepundiis,
1046 3442 1098 3477 nou
1109 3427 1177 3486 cibo,
1190 3431 1245 3479 uou'

150 3516 288 3567 curamque
300 3502 416 3553 virilem?
441 3504 508 3553 Vide
523 3506 673 3570 Sophoclem
714 3508 871 3557 mnnrrsculis
893 3506 950 3555 aliis
969 3504 1143 3570 potiusquam
1164 3520 1241 3557 rena·

149 3582 175 3630 in
188 3578 279 3644 Ajace.
312 3580 480 3630 Claudianum
497 3580 528 3631 de
543 3596 580 3633 rr.
597 3582 674 3633 Cous.
715 3585 824 3635 ticorum
849 3599 940 3634 canunt
959 3584 1107 3633 interventu
1131 3583 1239 3633 sanaba-

151 3656 276 3708 llonorii:
293 3656 362 3705 ‘lllc
375 3659 520 3707 coruscanti
537 3660 630 3724 clypeo
647 3668 674 3711 te
716 3662 776 3713 tur.’
801 3662 853 3713 Sed
865 3662 1006 3712 Homerum
1015 3658 1161 3724 excusabit,
1170 3659 1239 3724 quod

149 3748 220 3797 serpe
239 3732 367 3782 volantem
382 3732 494 3783 Sustulit
510 3735 632 3797 arridens,
648 3742 675 3785 et
714 3741 830 3792 carmina
840 3755 887 3790 soa
903 3738 1053 3789 Graecorum
1070 3736 1175 3786 auribus
1184 3744 1241 3797 φιλ·

149 3816 256 3874 pectore
278 3807 372 3872 pressit
394 3807 484 3857 anbelo
511 3807 674 3873 Intrepidum
713 3814 789 3874 (aare
804 3816 948 3865 occentarit
964 3814 990 3863 ln
1011 3811 1134 3863 conviviis
1151 3810 1241 3871 τροφῆς

149 3884 220 3943 ferri,
232 3885 313 3949 galeae
325 3898 374 3933 uec
386 3884 460 3934 triste
471 3884 604 3937 timentem
614 3888 674 3938 Ful·
713 3890 800 3955 χάριν
817 3890 879 3955 quid
897 3890 976 3955 igitur
995 3889 1095 3943 mirrrm.
1114 3886 1135 3935 sl
1151 3893 1180 3934 et
1197 3884 1240 3935 blc

149 3976 207 4026 gur,
224 3970 251 4011 et
269 3960 426 4010 adsumatur
447 3959 597 4011 tendentem
615 3961 673 4013 bra·
712 3966 847 4031 μσόφρνγα
867 3980 896 4015 se
918 3964 1050 4016 ostendit?
1083 3963 1123 4013 Er
1148 3961 1240 4011 eodem

150 4038 207 4088 clrla
217 4036 338 4089 erimar·
354 4036 605 4101 Subscribltjudlcio
616 4054 674 4092 oreo
714 4044 788 4094 fonte
800 4051 850 4105 est,
864 4041 933 4107 quod
946 4042 1105 4103 Penelopen,
1116 4035 1240 4100 βασσᾰρν

150 4128 260 4164 summus
276 4114 318 4161 illc
336 4111 448 4162 criticus
460 4113 547 4163 Cesar
558 4116 674 4181 Scaliger
713 4118 916 4183 correpsimus,
938 4124 967 4166 ut
994 4116 1063 4165 illam
1084 4115 1238 4179 Lycophrona

149 4190 175 4237 in
196 4188 280 4238 divina
299 4188 340 4237 illa
359 4188 485 4239 Oratione
504 4204 582 4254 super
601 4192 672 4243 obitu
713 4198 838 4260 nominat,
858 4196 978 4260 pudicam
998 4190 1079 4257 lingit.
1113 4191 1237 4255 Vide-vt.

149 4264 262 4316 Arrdecti
281 4264 361 4315 tilioli.
395 4266 481 4316 Verba
501 4276 576 4317 runt:
592 4268 672 4321 ‘dam
713 4276 770 4323 llltl.
