<?xml version="1.0" encoding="UTF-8"?>
<!DOCTYPE html PUBLIC "-//W3C//DTD XHTML 1.0 Transitional//EN"
    "http://www.w3.org/TR/xhtml1/DTD/xhtml1-transitional.dtd">
<html xmlns="http://www.w3.org/1999/xhtml" xml:lang="en" lang="en">
 <head>
  <title>
</title>
<meta http-equiv="Content-Type" content="text/html;charset=utf-8" />
  <meta name='ocr-system' content='tesseract 3.04.00' />
  <meta name='ocr-capabilities' content='ocr_page ocr_carea ocr_par ocr_line ocrx_word'/>
</head>
<body>
  <div class='ocr_page' id='page_1' title='image "./dictyscretensis00josegoog/dictyscretensis00josegoog_0421.png"; bbox 0 0 2959 4875; ppageno 0'>
   <div class='ocr_carea' id='block_1_1' title="bbox 450 343 1260 420">
    <p class='ocr_par' dir='ltr' id='par_1_1' title="bbox 450 343 1260 420">
     <span class='ocr_line' id='line_1_1' title="bbox 450 343 1260 420; baseline 0 0"><span class='ocrx_word' id='word_1_1' title='bbox 450 373 497 420; x_wconf 85' lang='lat' dir='ltr'>nn</span> <span class='ocrx_word' id='word_1_2' title='bbox 523 371 642 420; x_wconf 80' lang='lat' dir='ltr'>necno</span> <span class='ocrx_word' id='word_1_3' title='bbox 665 371 838 420; x_wconf 77' lang='lat' dir='ltr'>nnorsno</span> <span class='ocrx_word' id='word_1_4' title='bbox 864 371 934 419; x_wconf 82' lang='lat' dir='ltr'>mr.</span> <span class='ocrx_word' id='word_1_5' title='bbox 956 374 981 420; x_wconf 90' lang='lat'>1.</span> <span class='ocrx_word' id='word_1_6' title='bbox 1194 343 1260 420; x_wconf 74' lang='grc'>000</span> 
     </span>
    </p>
   </div>
   <div class='ocr_carea' id='block_1_2' title="bbox 169 513 1263 3131">
    <p class='ocr_par' dir='ltr' id='par_1_2' title="bbox 169 513 1263 3131">
     <span class='ocr_line' id='line_1_2' title="bbox 170 513 964 598; baseline -0.005 -17"><span class='ocrx_word' id='word_1_7' title='bbox 170 515 321 582; x_wconf 83' lang='lat' dir='ltr'><strong>Ambitio</strong></span> <span class='ocrx_word' id='word_1_8' title='bbox 334 514 420 580; x_wconf 90' lang='lat' dir='ltr'>ludit</span> <span class='ocrx_word' id='word_1_9' title='bbox 434 533 574 598; x_wconf 77' lang='lat' dir='ltr'>pugnas,</span> <span class='ocrx_word' id='word_1_10' title='bbox 589 513 649 578; x_wconf 86' lang='lat' dir='ltr'>sed</span> <span class='ocrx_word' id='word_1_11' title='bbox 664 519 698 578; x_wconf 90' lang='lat' dir='ltr'>et</span> <span class='ocrx_word' id='word_1_12' title='bbox 711 515 772 590; x_wconf 88' lang='lat' dir='ltr'>ira,</span> <span class='ocrx_word' id='word_1_13' title='bbox 788 513 964 597; x_wconf 85' lang='lat' dir='ltr'>minaeqne,</span> 
     </span>
     <span class='ocr_line' id='line_1_3' title="bbox 170 614 972 699; baseline -0.01 -19"><span class='ocrx_word' id='word_1_14' title='bbox 170 617 214 680; x_wconf 87' lang='lat' dir='ltr'>Et</span> <span class='ocrx_word' id='word_1_15' title='bbox 230 637 294 682; x_wconf 87' lang='lat' dir='ltr'>non</span> <span class='ocrx_word' id='word_1_16' title='bbox 309 618 432 682; x_wconf 84' lang='lat' dir='ltr'>extorti</span> <span class='ocrx_word' id='word_1_17' title='bbox 446 635 508 699; x_wconf 90' lang='lat' dir='ltr'>per</span> <span class='ocrx_word' id='word_1_18' title='bbox 523 614 660 679; x_wconf 86' lang='lat' dir='ltr'>vulnera</span> <span class='ocrx_word' id='word_1_19' title='bbox 673 614 780 679; x_wconf 87' lang='lat' dir='ltr'>cruda</span> <span class='ocrx_word' id='word_1_20' title='bbox 792 614 920 679; x_wconf 80' lang='lat' dir='ltr'>furores</span> <span class='ocrx_word' id='word_1_21' title='bbox 967 665 972 672; x_wconf 92' lang='lat'>.</span> 
     </span>
     <span class='ocr_line' id='line_1_4' title="bbox 170 715 1034 800; baseline -0.003 -17"><span class='ocrx_word' id='word_1_22' title='bbox 170 719 269 783; x_wconf 85' lang='lat' dir='ltr'>Bella</span> <span class='ocrx_word' id='word_1_23' title='bbox 281 719 380 796; x_wconf 90' lang='lat' dir='ltr'>cient,</span> <span class='ocrx_word' id='word_1_24' title='bbox 395 717 470 783; x_wconf 90' lang='lat' dir='ltr'>hinc</span> <span class='ocrx_word' id='word_1_25' title='bbox 485 717 562 782; x_wconf 90' lang='lat' dir='ltr'>inde</span> <span class='ocrx_word' id='word_1_26' title='bbox 577 717 665 781; x_wconf 87' lang='lat' dir='ltr'>odiis</span> <span class='ocrx_word' id='word_1_27' title='bbox 679 715 852 781; x_wconf 83' lang='lat' dir='ltr'>flammata</span> <span class='ocrx_word' id='word_1_28' title='bbox 866 717 1034 800; x_wconf 83' lang='lat' dir='ltr'>superbis.</span> 
     </span>
     <span class='ocr_line' id='line_1_5' title="bbox 213 815 1260 900; baseline -0.005 -15"><span class='ocrx_word' id='word_1_29' title='bbox 213 821 349 885; x_wconf 89' lang='lat' dir='ltr'>Primus</span> <span class='ocrx_word' id='word_1_30' title='bbox 363 821 399 884; x_wconf 94' lang='lat' dir='ltr'>in</span> <span class='ocrx_word' id='word_1_31' title='bbox 414 819 575 884; x_wconf 84' lang='lat' dir='ltr'>adversos</span> <span class='ocrx_word' id='word_1_32' title='bbox 590 819 721 882; x_wconf 85' lang='lat' dir='ltr'>vibrata</span> <span class='ocrx_word' id='word_1_33' title='bbox 734 818 876 900; x_wconf 90' lang='lat' dir='ltr'>cuspide</span> <span class='ocrx_word' id='word_1_34' title='bbox 889 833 1003 881; x_wconf 88' lang='lat' dir='ltr'>muros</span> <span class='ocrx_word' id='word_1_35' title='bbox 1194 815 1260 881; x_wconf 85' lang='grc'>085</span> 
     </span>
     <span class='ocr_line' id='line_1_6' title="bbox 169 917 1121 1006; baseline -0.006 -20"><span class='ocrx_word' id='word_1_36' title='bbox 169 922 319 1006; x_wconf 81' lang='lat' dir='ltr'><strong>Torquet</strong></span> <span class='ocrx_word' id='word_1_37' title='bbox 332 940 451 1006; x_wconf 90' lang='lat' dir='ltr'>equum</span> <span class='ocrx_word' id='word_1_38' title='bbox 466 919 601 995; x_wconf 78' lang='lat' dir='ltr'><strong>Peleus,</strong></span> <span class='ocrx_word' id='word_1_39' title='bbox 613 918 790 1002; x_wconf 84' lang='lat' dir='ltr'>fractaque</span> <span class='ocrx_word' id='word_1_40' title='bbox 802 917 996 982; x_wconf 77' lang='lat' dir='ltr'>accenditur</span> <span class='ocrx_word' id='word_1_41' title='bbox 1010 917 1121 981; x_wconf 81' lang='lat' dir='ltr'>hasta.</span> 
     </span>
     <span class='ocr_line' id='line_1_7' title="bbox 171 1019 1008 1106; baseline -0.005 -18"><span class='ocrx_word' id='word_1_42' title='bbox 171 1024 260 1088; x_wconf 81' lang='lat' dir='ltr'>Haec</span> <span class='ocrx_word' id='word_1_43' title='bbox 274 1021 349 1106; x_wconf 91' lang='lat' dir='ltr'>(ait)</span> <span class='ocrx_word' id='word_1_44' title='bbox 362 1021 519 1105; x_wconf 87' lang='lat' dir='ltr'>hospitiis</span> <span class='ocrx_word' id='word_1_45' title='bbox 534 1019 657 1098; x_wconf 88' lang='lat' dir='ltr'>aditus,</span> <span class='ocrx_word' id='word_1_46' title='bbox 673 1027 707 1084; x_wconf 90' lang='lat' dir='ltr'>et</span> <span class='ocrx_word' id='word_1_47' title='bbox 721 1020 755 1083; x_wconf 91' lang='lat' dir='ltr'>in</span> <span class='ocrx_word' id='word_1_48' title='bbox 769 1021 907 1103; x_wconf 77' lang='lat' dir='ltr'><strong>hospita</strong></span> <span class='ocrx_word' id='word_1_49' title='bbox 920 1024 1008 1084; x_wconf 83' lang='lat' dir='ltr'>tecta</span> 
     </span>
     <span class='ocr_line' id='line_1_8' title="bbox 171 1122 1100 1199; baseline -0.003 -11"><span class='ocrx_word' id='word_1_50' title='bbox 171 1123 323 1188; x_wconf 86' lang='lat' dir='ltr'>Pulsanti</span> <span class='ocrx_word' id='word_1_51' title='bbox 336 1123 515 1188; x_wconf 86' lang='lat' dir='ltr'>reseranda</span> <span class='ocrx_word' id='word_1_52' title='bbox 528 1140 627 1185; x_wconf 92' lang='lat' dir='ltr'>manu</span> <span class='ocrx_word' id='word_1_53' title='bbox 641 1141 651 1186; x_wconf 71' lang='grc' dir='ltr'><em>ι</em></span> <span class='ocrx_word' id='word_1_54' title='bbox 673 1141 734 1186; x_wconf 89' lang='lat' dir='ltr'>nos</span> <span class='ocrx_word' id='word_1_55' title='bbox 749 1123 830 1186; x_wconf 84' lang='lat' dir='ltr'>urbe</span> <span class='ocrx_word' id='word_1_56' title='bbox 843 1122 1001 1199; x_wconf 79' lang='lat' dir='ltr'>furemur,</span> <span class='ocrx_word' id='word_1_57' title='bbox 1093 1143 1100 1152; x_wconf 95' lang='lat'><strong>·</strong></span> 
     </span>
     <span class='ocr_line' id='line_1_9' title="bbox 171 1219 968 1306; baseline 0 -18"><span class='ocrx_word' id='word_1_58' title='bbox 171 1221 274 1288; x_wconf 86' lang='lat' dir='ltr'>Portu</span> <span class='ocrx_word' id='word_1_59' title='bbox 289 1224 359 1303; x_wconf 90' lang='lat' dir='ltr'>alii,</span> <span class='ocrx_word' id='word_1_60' title='bbox 374 1224 461 1288; x_wconf 85' lang='lat' dir='ltr'>dixit</span> <span class='ocrx_word' id='word_1_61' title='bbox 471 1245 480 1288; x_wconf 73' lang='grc' dir='ltr'><strong><em>ε</em></strong></span> <span class='ocrx_word' id='word_1_62' title='bbox 490 1219 681 1306; x_wconf 68' lang='lat' dir='ltr'>&#39;cunctique</span> <span class='ocrx_word' id='word_1_63' title='bbox 694 1224 819 1288; x_wconf 88' lang='lat' dir='ltr'>instare</span> <span class='ocrx_word' id='word_1_64' title='bbox 832 1223 968 1306; x_wconf 74' lang='lat' dir='ltr'>Pelasgi</span> 
     </span>
     <span class='ocr_line' id='line_1_10' title="bbox 171 1322 1258 1409; baseline -0.002 -20"><span class='ocrx_word' id='word_1_65' title='bbox 171 1323 241 1390; x_wconf 88' lang='lat' dir='ltr'>Cen</span> <span class='ocrx_word' id='word_1_66' title='bbox 256 1326 337 1391; x_wconf 89' lang='lat' dir='ltr'>belli</span> <span class='ocrx_word' id='word_1_67' title='bbox 354 1331 672 1391; x_wconf 86' lang='lat' dir='ltr'>tunccausareceus</span> <span class='ocrx_word' id='word_1_68' title='bbox 687 1325 1023 1409; x_wconf 78' lang='lat' dir='ltr'>nectempcrelcugo</span> <span class='ocrx_word' id='word_1_69' title='bbox 1191 1322 1258 1388; x_wconf 81' lang='grc'>300</span> 
     </span>
     <span class='ocr_line' id='line_1_11' title="bbox 170 1413 1006 1510; baseline 0 -21"><span class='ocrx_word' id='word_1_70' title='bbox 170 1425 227 1490; x_wconf 91' lang='lat' dir='ltr'>Ira</span> <span class='ocrx_word' id='word_1_71' title='bbox 242 1428 360 1504; x_wconf 87' lang='lat' dir='ltr'>minor,</span> <span class='ocrx_word' id='word_1_72' title='bbox 375 1428 484 1492; x_wconf 84' lang='lat' dir='ltr'>minus</span> <span class='ocrx_word' id='word_1_73' title='bbox 498 1426 682 1492; x_wconf 80' lang='lat' dir='ltr'>accendant</span> <span class='ocrx_word' id='word_1_74' title='bbox 696 1427 731 1491; x_wconf 94' lang='lat' dir='ltr'>in</span> <span class='ocrx_word' id='word_1_75' title='bbox 744 1427 863 1510; x_wconf 72' lang='lat' dir='ltr'>praelia</span> <span class='ocrx_word' id='word_1_76' title='bbox 875 1413 1006 1490; x_wconf 84' lang='lat' dir='ltr'>mentes</span> 
     </span>
     <span class='ocr_line' id='line_1_12' title="bbox 169 1527 1080 1611; baseline -0.005 -17"><span class='ocrx_word' id='word_1_77' title='bbox 169 1528 193 1594; x_wconf 85' lang='lat' dir='ltr'>J</span> <span class='ocrx_word' id='word_1_78' title='bbox 195 1548 287 1606; x_wconf 87' lang='lat' dir='ltr'>ussa,</span> <span class='ocrx_word' id='word_1_79' title='bbox 302 1531 405 1607; x_wconf 85' lang='lat' dir='ltr'>tubae,</span> <span class='ocrx_word' id='word_1_80' title='bbox 420 1529 596 1611; x_wconf 87' lang='lat' dir='ltr'>promissa,</span> <span class='ocrx_word' id='word_1_81' title='bbox 611 1547 746 1611; x_wconf 84' lang='lat' dir='ltr'>preces=</span> <span class='ocrx_word' id='word_1_82' title='bbox 768 1527 949 1611; x_wconf 81' lang='lat' dir='ltr'>asperrima</span> <span class='ocrx_word' id='word_1_83' title='bbox 963 1544 1080 1591; x_wconf 86' lang='lat' dir='ltr'>cernas</span> 
     </span>
     <span class='ocr_line' id='line_1_13' title="bbox 171 1629 949 1714; baseline -0.004 -19"><span class='ocrx_word' id='word_1_84' title='bbox 171 1630 268 1695; x_wconf 89' lang='lat' dir='ltr'>Bella</span> <span class='ocrx_word' id='word_1_85' title='bbox 281 1631 370 1714; x_wconf 84' lang='lat' dir='ltr'>geri:</span> <span class='ocrx_word' id='word_1_86' title='bbox 392 1649 459 1696; x_wconf 88' lang='lat' dir='ltr'>non</span> <span class='ocrx_word' id='word_1_87' title='bbox 473 1629 666 1713; x_wconf 73' lang='lat' dir='ltr'>praecipites</span> <span class='ocrx_word' id='word_1_88' title='bbox 680 1629 810 1695; x_wconf 82' lang='lat' dir='ltr'>telluris</span> <span class='ocrx_word' id='word_1_89' title='bbox 824 1629 949 1706; x_wconf 84' lang='lat' dir='ltr'>hiatus,</span> 
     </span>
     <span class='ocr_line' id='line_1_14' title="bbox 170 1730 1016 1815; baseline -0.002 -19"><span class='ocrx_word' id='word_1_90' title='bbox 170 1731 253 1796; x_wconf 78' lang='lat' dir='ltr'>Nun</span> <span class='ocrx_word' id='word_1_91' title='bbox 267 1733 375 1798; x_wconf 85' lang='lat' dir='ltr'>undas</span> <span class='ocrx_word' id='word_1_92' title='bbox 390 1732 529 1797; x_wconf 89' lang='lat' dir='ltr'>timuere</span> <span class='ocrx_word' id='word_1_93' title='bbox 540 1732 626 1797; x_wconf 78' lang='lat' dir='ltr'>viri:</span> <span class='ocrx_word' id='word_1_94' title='bbox 648 1732 713 1796; x_wconf 85' lang='lat' dir='ltr'>sibi</span> <span class='ocrx_word' id='word_1_95' title='bbox 728 1732 871 1815; x_wconf 86' lang='lat' dir='ltr'>quisque</span> <span class='ocrx_word' id='word_1_96' title='bbox 886 1730 992 1795; x_wconf 81' lang='lat' dir='ltr'>videri</span> <span class='ocrx_word' id='word_1_97' title='bbox 1012 1736 1016 1744; x_wconf 87' lang='lat'><em>&#39;</em></span> 
     </span>
     <span class='ocr_line' id='line_1_15' title="bbox 171 1825 1260 1918; baseline -0.006 -19"><span class='ocrx_word' id='word_1_98' title='bbox 171 1835 253 1899; x_wconf 84' lang='lat' dir='ltr'>Dux</span> <span class='ocrx_word' id='word_1_99' title='bbox 269 1835 358 1911; x_wconf 81' lang='lat' dir='ltr'>aliie,</span> <span class='ocrx_word' id='word_1_100' title='bbox 372 1835 533 1918; x_wconf 88' lang='lat' dir='ltr'>milesque</span> <span class='ocrx_word' id='word_1_101' title='bbox 547 1835 636 1898; x_wconf 88' lang='lat' dir='ltr'><strong>sibi:</strong></span> <span class='ocrx_word' id='word_1_102' title='bbox 653 1853 731 1917; x_wconf 86' lang='lat' dir='ltr'>pars</span> <span class='ocrx_word' id='word_1_103' title='bbox 746 1834 891 1898; x_wconf 78' lang='lat' dir='ltr'>cratibus</span> <span class='ocrx_word' id='word_1_104' title='bbox 904 1833 1008 1897; x_wconf 87' lang='lat' dir='ltr'>instat</span> <span class='ocrx_word' id='word_1_105' title='bbox 1192 1825 1260 1893; x_wconf 76' lang='grc'>300</span> 
     </span>
     <span class='ocr_line' id='line_1_16' title="bbox 171 1935 1001 2020; baseline -0.004 -20"><span class='ocrx_word' id='word_1_106' title='bbox 171 1935 356 2002; x_wconf 84' lang='lat' dir='ltr'>Continuus</span> <span class='ocrx_word' id='word_1_107' title='bbox 370 1936 485 2001; x_wconf 89' lang='lat' dir='ltr'>molita</span> <span class='ocrx_word' id='word_1_108' title='bbox 499 1937 584 2012; x_wconf 81' lang='lat' dir='ltr'>vias,</span> <span class='ocrx_word' id='word_1_109' title='bbox 606 1936 790 2020; x_wconf 84' lang='lat' dir='ltr'>vallemque</span> <span class='ocrx_word' id='word_1_110' title='bbox 803 1935 1001 2018; x_wconf 81' lang='lat' dir='ltr'>profundam</span> 
     </span>
     <span class='ocr_line' id='line_1_17' title="bbox 172 2036 920 2121; baseline -0.001 -21"><span class='ocrx_word' id='word_1_111' title='bbox 172 2036 322 2102; x_wconf 87' lang='lat' dir='ltr'>Molibus</span> <span class='ocrx_word' id='word_1_112' title='bbox 336 2037 468 2121; x_wconf 83' lang='lat' dir='ltr'>injectis</span> <span class='ocrx_word' id='word_1_113' title='bbox 483 2037 606 2102; x_wconf 85' lang='lat' dir='ltr'>vincit:</span> <span class='ocrx_word' id='word_1_114' title='bbox 621 2055 700 2120; x_wconf 87' lang='lat' dir='ltr'>pars</span> <span class='ocrx_word' id='word_1_115' title='bbox 716 2055 838 2119; x_wconf 85' lang='lat' dir='ltr'>aspera</span> <span class='ocrx_word' id='word_1_116' title='bbox 850 2036 920 2100; x_wconf 84' lang='lat' dir='ltr'>divi</span> 
     </span>
     <span class='ocr_line' id='line_1_18' title="bbox 171 2137 957 2223; baseline -0.004 -20"><span class='ocrx_word' id='word_1_117' title='bbox 171 2139 354 2222; x_wconf 72' lang='lat' dir='ltr'>Impatiens</span> <span class='ocrx_word' id='word_1_118' title='bbox 368 2137 508 2202; x_wconf 74' lang='lat' dir='ltr'>haesisse</span> <span class='ocrx_word' id='word_1_119' title='bbox 522 2140 613 2204; x_wconf 88' lang='lat' dir='ltr'>subit</span> <span class='ocrx_word' id='word_1_120' title='bbox 622 2159 637 2203; x_wconf 70' lang='grc' dir='ltr'>ε·</span> <span class='ocrx_word' id='word_1_121' title='bbox 649 2139 722 2221; x_wconf 87' lang='lat' dir='ltr'>jum</span> <span class='ocrx_word' id='word_1_122' title='bbox 740 2141 843 2223; x_wconf 85' lang='lat' dir='ltr'>copia</span> <span class='ocrx_word' id='word_1_123' title='bbox 857 2138 957 2214; x_wconf 89' lang='lat' dir='ltr'>muri,</span> 
     </span>
     <span class='ocr_line' id='line_1_19' title="bbox 171 2238 983 2324; baseline -0.004 -20"><span class='ocrx_word' id='word_1_124' title='bbox 171 2238 193 2304; x_wconf 83' lang='lat' dir='ltr'><strong>J</strong></span> <span class='ocrx_word' id='word_1_125' title='bbox 195 2257 247 2303; x_wconf 89' lang='lat' dir='ltr'>am</span> <span class='ocrx_word' id='word_1_126' title='bbox 260 2239 372 2304; x_wconf 85' lang='lat' dir='ltr'>silices</span> <span class='ocrx_word' id='word_1_127' title='bbox 386 2239 498 2304; x_wconf 85' lang='lat' dir='ltr'>laxare</span> <span class='ocrx_word' id='word_1_128' title='bbox 512 2240 610 2305; x_wconf 90' lang='lat' dir='ltr'>licet:</span> <span class='ocrx_word' id='word_1_129' title='bbox 632 2241 691 2306; x_wconf 84' lang='lat' dir='ltr'>sed</span> <span class='ocrx_word' id='word_1_130' title='bbox 706 2241 850 2324; x_wconf 82' lang='lat' dir='ltr'>desuper</span> <span class='ocrx_word' id='word_1_131' title='bbox 863 2246 983 2322; x_wconf 83' lang='lat' dir='ltr'>urgent</span> 
     </span>
     <span class='ocr_line' id='line_1_20' title="bbox 174 2335 1261 2424; baseline -0.004 -22"><span class='ocrx_word' id='word_1_132' title='bbox 174 2338 388 2417; x_wconf 85' lang='lat' dir='ltr'>Dardanidae,</span> <span class='ocrx_word' id='word_1_133' title='bbox 401 2341 621 2424; x_wconf 81' lang='lat' dir='ltr'>incessusque</span> <span class='ocrx_word' id='word_1_134' title='bbox 636 2343 749 2406; x_wconf 86' lang='lat' dir='ltr'>trabes</span> <span class='ocrx_word' id='word_1_135' title='bbox 763 2349 799 2405; x_wconf 86' lang='lat' dir='ltr'>et</span> <span class='ocrx_word' id='word_1_136' title='bbox 813 2359 921 2406; x_wconf 83' lang='lat' dir='ltr'>saxea</span> <span class='ocrx_word' id='word_1_137' title='bbox 932 2339 1069 2404; x_wconf 85' lang='lat' dir='ltr'>volvunt</span> <span class='ocrx_word' id='word_1_138' title='bbox 1195 2335 1261 2398; x_wconf 77' lang='grc'>400</span> 
     </span>
     <span class='ocr_line' id='line_1_21' title="bbox 173 2438 1132 2526; baseline -0.002 -22"><span class='ocrx_word' id='word_1_139' title='bbox 173 2440 368 2525; x_wconf 81' lang='lat' dir='ltr'>Fragmina:</span> <span class='ocrx_word' id='word_1_140' title='bbox 393 2460 470 2524; x_wconf 84' lang='lat' dir='ltr'>pars</span> <span class='ocrx_word' id='word_1_141' title='bbox 480 2440 605 2524; x_wconf 88' lang='lat' dir='ltr'>jaculis</span> <span class='ocrx_word' id='word_1_142' title='bbox 620 2442 745 2519; x_wconf 84' lang='lat' dir='ltr'>audax,</span> <span class='ocrx_word' id='word_1_143' title='bbox 762 2462 841 2526; x_wconf 88' lang='lat' dir='ltr'>pars</span> <span class='ocrx_word' id='word_1_144' title='bbox 855 2458 977 2525; x_wconf 89' lang='lat' dir='ltr'>aspera</span> <span class='ocrx_word' id='word_1_145' title='bbox 990 2438 1132 2505; x_wconf 86' lang='lat' dir='ltr'>flammis</span> 
     </span>
     <span class='ocr_line' id='line_1_22' title="bbox 173 2541 1103 2627; baseline -0.001 -22"><span class='ocrx_word' id='word_1_146' title='bbox 173 2541 369 2625; x_wconf 84' lang='lat' dir='ltr'>Flagrantes</span> <span class='ocrx_word' id='word_1_147' title='bbox 383 2543 525 2624; x_wconf 77' lang='lat' dir='ltr'>invergit</span> <span class='ocrx_word' id='word_1_148' title='bbox 539 2562 667 2626; x_wconf 86' lang='lat' dir='ltr'>aquas:</span> <span class='ocrx_word' id='word_1_149' title='bbox 690 2552 823 2627; x_wconf 87' lang='lat' dir='ltr'>septum</span> <span class='ocrx_word' id='word_1_150' title='bbox 838 2545 956 2608; x_wconf 87' lang='lat' dir='ltr'>arbore</span> <span class='ocrx_word' id='word_1_151' title='bbox 971 2542 1103 2625; x_wconf 88' lang='lat' dir='ltr'>Dymns</span> 
     </span>
     <span class='ocr_line' id='line_1_23' title="bbox 171 2641 909 2727; baseline 0.003 -21"><span class='ocrx_word' id='word_1_152' title='bbox 171 2641 363 2709; x_wconf 84' lang='lat' dir='ltr'>Affectubat</span> <span class='ocrx_word' id='word_1_153' title='bbox 378 2643 450 2720; x_wconf 88' lang='lat' dir='ltr'>iter,</span> <span class='ocrx_word' id='word_1_154' title='bbox 466 2643 603 2727; x_wconf 88' lang='lat' dir='ltr'>fixoque</span> <span class='ocrx_word' id='word_1_155' title='bbox 616 2645 653 2707; x_wconf 93' lang='lat' dir='ltr'>iu</span> <span class='ocrx_word' id='word_1_156' title='bbox 669 2646 790 2709; x_wconf 82' lang='lat' dir='ltr'>maenia</span> <span class='ocrx_word' id='word_1_157' title='bbox 803 2644 909 2720; x_wconf 85' lang='lat' dir='ltr'>vultu,</span> 
     </span>
     <span class='ocr_line' id='line_1_24' title="bbox 173 2742 982 2829; baseline 0 -23"><span class='ocrx_word' id='word_1_158' title='bbox 173 2742 348 2809; x_wconf 74' lang='lat' dir='ltr'>Haeserat:</span> <span class='ocrx_word' id='word_1_159' title='bbox 370 2743 456 2808; x_wconf 90' lang='lat' dir='ltr'>hunc</span> <span class='ocrx_word' id='word_1_160' title='bbox 471 2743 594 2809; x_wconf 84' lang='lat' dir='ltr'>latices</span> <span class='ocrx_word' id='word_1_161' title='bbox 609 2745 826 2809; x_wconf 83' lang='lat' dir='ltr'>decalvarere</span> <span class='ocrx_word' id='word_1_162' title='bbox 841 2743 982 2829; x_wconf 82' lang='lat' dir='ltr'>prolusi,</span> 
     </span>
     <span class='ocr_line' id='line_1_25' title="bbox 174 2840 1263 2929; baseline 0.001 -24"><span class='ocrx_word' id='word_1_163' title='bbox 174 2840 404 2927; x_wconf 86' lang='lat' dir='ltr'>Fulmineiqne</span> <span class='ocrx_word' id='word_1_164' title='bbox 419 2845 548 2922; x_wconf 86' lang='lat' dir='ltr'>imbres,</span> <span class='ocrx_word' id='word_1_165' title='bbox 561 2844 686 2909; x_wconf 89' lang='lat' dir='ltr'>nudum</span> <span class='ocrx_word' id='word_1_166' title='bbox 703 2846 871 2929; x_wconf 83' lang='lat' dir='ltr'>spolietur</span> <span class='ocrx_word' id='word_1_167' title='bbox 884 2852 1028 2927; x_wconf 84' lang='lat' dir='ltr'>utreque</span> <span class='ocrx_word' id='word_1_168' title='bbox 1101 2870 1106 2877; x_wconf 96' lang='lat'>·</span> <span class='ocrx_word' id='word_1_169' title='bbox 1197 2842 1263 2906; x_wconf 84' lang='grc'>405</span> 
     </span>
     <span class='ocr_line' id='line_1_26' title="bbox 174 2932 1152 3033; baseline 0.001 -25"><span class='ocrx_word' id='word_1_170' title='bbox 174 2932 269 3009; x_wconf 73' lang='lat' dir='ltr'>Onne</span> <span class='ocrx_word' id='word_1_171' title='bbox 284 2953 408 3031; x_wconf 80' lang='lat' dir='ltr'>caput3</span> <span class='ocrx_word' id='word_1_172' title='bbox 430 2952 646 3033; x_wconf 87' lang='lat' dir='ltr'>penetratque</span> <span class='ocrx_word' id='word_1_173' title='bbox 664 2946 773 3015; x_wconf 87' lang='lat' dir='ltr'>fluens</span> <span class='ocrx_word' id='word_1_174' title='bbox 787 2949 822 3013; x_wconf 90' lang='lat' dir='ltr'>in</span> <span class='ocrx_word' id='word_1_175' title='bbox 835 2948 966 3013; x_wconf 79' lang='lat' dir='ltr'>viscera</span> <span class='ocrx_word' id='word_1_176' title='bbox 977 2945 1107 3013; x_wconf 72' lang='lat' dir='ltr'>uulnus.</span> <span class='ocrx_word' id='word_1_177' title='bbox 1148 2976 1152 2984; x_wconf 52' lang='lat'><strong>⁴</strong></span> 
     </span>
     <span class='ocr_line' id='line_1_27' title="bbox 172 3044 1019 3131; baseline 0 -18"><span class='ocrx_word' id='word_1_178' title='bbox 172 3044 220 3113; x_wconf 82' lang='lat' dir='ltr'>At</span> <span class='ocrx_word' id='word_1_179' title='bbox 234 3046 419 3113; x_wconf 83' lang='lat' dir='ltr'>testudineo</span> <span class='ocrx_word' id='word_1_180' title='bbox 433 3046 595 3115; x_wconf 84' lang='lat' dir='ltr'>Telamon</span> <span class='ocrx_word' id='word_1_181' title='bbox 609 3048 767 3115; x_wconf 80' lang='lat' dir='ltr'>defensus</span> <span class='ocrx_word' id='word_1_182' title='bbox 777 3050 903 3115; x_wconf 86' lang='lat' dir='ltr'>amictu</span> <span class='ocrx_word' id='word_1_183' title='bbox 1016 3126 1019 3131; x_wconf 15' lang='lat' dir='ltr'><em>A</em></span> 
     </span>
    </p>
   </div>
   <div class='ocr_carea' id='block_1_3' title="bbox 621 3244 809 3269">
    <p class='ocr_par' dir='ltr' id='par_1_3' title="bbox 621 3244 809 3269">
     <span class='ocr_line' id='line_1_28' title="bbox 621 3244 809 3269; baseline 0 -4"><span class='ocrx_word' id='word_1_184' title='bbox 621 3244 809 3269; x_wconf 62' lang='grc' dir='ltr'>ΟΟΜΜΙΜΟ</span> 
     </span>
    </p>
   </div>
   <div class='ocr_carea' id='block_1_4' title="bbox 205 3358 776 3505">
    <p class='ocr_par' dir='ltr' id='par_1_4' title="bbox 205 3358 776 3505">
     <span class='ocr_line' id='line_1_29' title="bbox 205 3358 550 3423; baseline 0 -16"><span class='ocrx_word' id='word_1_185' title='bbox 205 3360 252 3407; x_wconf 75' lang='grc'>100</span> <span class='ocrx_word' id='word_1_186' title='bbox 270 3358 393 3423; x_wconf 61' lang='lat' dir='ltr'>Inrumpit</span> <span class='ocrx_word' id='word_1_187' title='bbox 404 3358 456 3409; x_wconf 85' lang='lat' dir='ltr'>Mr.</span> <span class='ocrx_word' id='word_1_188' title='bbox 469 3372 550 3423; x_wconf 74' lang='lat' dir='ltr'>marg.</span> 
     </span>
     <span class='ocr_line' id='line_1_30' title="bbox 669 3454 776 3505; baseline -0.009 0"><span class='ocrx_word' id='word_1_189' title='bbox 669 3454 776 3505; x_wconf 79' lang='lat' dir='ltr'>NO&#39;l&#39;AE</span> 
     </span>
    </p>
   </div>
   <div class='ocr_carea' id='block_1_5' title="bbox 172 3548 1265 4297">
    <p class='ocr_par' dir='ltr' id='par_1_5' title="bbox 205 3548 830 3616">
     <span class='ocr_line' id='line_1_31' title="bbox 205 3548 830 3616; baseline -0.002 -17"><span class='ocrx_word' id='word_1_190' title='bbox 205 3554 253 3599; x_wconf 80' lang='grc'>101</span> <span class='ocrx_word' id='word_1_191' title='bbox 271 3549 698 3616; x_wconf 76' lang='lat' dir='ltr'>Hereletieerdeerlnuuerepmssst]</span> <span class='ocrx_word' id='word_1_192' title='bbox 740 3548 830 3614; x_wconf 64' lang='lat' dir='ltr'>genis!</span> 
     </span>
    </p>

    <p class='ocr_par' dir='ltr' id='par_1_6' title="bbox 172 3624 1265 4297">
     <span class='ocr_line' id='line_1_32' title="bbox 173 3624 1264 3688; baseline 0.001 -15"><span class='ocrx_word' id='word_1_193' title='bbox 173 3627 300 3688; x_wconf 74' lang='lat' dir='ltr'>vegetius</span> <span class='ocrx_word' id='word_1_194' title='bbox 312 3626 345 3674; x_wconf 91' lang='lat' dir='ltr'>de</span> <span class='ocrx_word' id='word_1_195' title='bbox 362 3628 399 3675; x_wconf 80' lang='lat' dir='ltr'>lle</span> <span class='ocrx_word' id='word_1_196' title='bbox 410 3629 534 3679; x_wconf 72' lang='lat' dir='ltr'>Militis.</span> <span class='ocrx_word' id='word_1_197' title='bbox 553 3632 578 3678; x_wconf 83' lang='grc'>8.</span> <span class='ocrx_word' id='word_1_198' title='bbox 596 3630 698 3678; x_wconf 68' lang='lat' dir='ltr'>‘exuri</span> <span class='ocrx_word' id='word_1_199' title='bbox 769 3630 819 3677; x_wconf 77' lang='lat'>⁴⁰6</span> <span class='ocrx_word' id='word_1_200' title='bbox 845 3626 982 3676; x_wconf 74' lang='lat' dir='ltr'>Firmis</span> <span class='ocrx_word' id='word_1_201' title='bbox 1000 3628 1089 3677; x_wconf 74' lang='lat' dir='ltr'>niuem</span> <span class='ocrx_word' id='word_1_202' title='bbox 1106 3625 1201 3688; x_wconf 73' lang='lat' dir='ltr'>misus]</span> <span class='ocrx_word' id='word_1_203' title='bbox 1224 3624 1264 3674; x_wconf 85' lang='lat' dir='ltr'>Ut</span> 
     </span>
     <span class='ocr_line' id='line_1_33' title="bbox 173 3698 1265 3769; baseline -0.002 -19"><span class='ocrx_word' id='word_1_204' title='bbox 173 3699 278 3750; x_wconf 80' lang='lat' dir='ltr'>mentn&#39;</span> <span class='ocrx_word' id='word_1_205' title='bbox 291 3700 412 3756; x_wconf 84' lang='lat' dir='ltr'>nominat,</span> <span class='ocrx_word' id='word_1_206' title='bbox 428 3702 570 3767; x_wconf 63' lang='lat' dir='ltr'>‘bitumen</span> <span class='ocrx_word' id='word_1_207' title='bbox 582 3705 699 3769; x_wconf 80' lang='lat' dir='ltr'>sulphur,</span> <span class='ocrx_word' id='word_1_208' title='bbox 738 3702 832 3768; x_wconf 80' lang='lat' dir='ltr'>Papia.</span> <span class='ocrx_word' id='word_1_209' title='bbox 846 3717 887 3769; x_wconf 66' lang='grc' dir='ltr'>ιι,</span> <span class='ocrx_word' id='word_1_210' title='bbox 903 3703 1026 3769; x_wconf 83' lang='lat' dir='ltr'>‘obliquo</span> <span class='ocrx_word' id='word_1_211' title='bbox 1036 3700 1209 3752; x_wconf 79' lang='lat' dir='ltr'>deseenditab</span> <span class='ocrx_word' id='word_1_212' title='bbox 1220 3698 1265 3749; x_wconf 76' lang='lat' dir='ltr'>ai·</span> 
     </span>
     <span class='ocr_line' id='line_1_34' title="bbox 173 3774 1263 3839; baseline -0.002 -16"><span class='ocrx_word' id='word_1_213' title='bbox 173 3776 258 3839; x_wconf 85' lang='lat' dir='ltr'>picem</span> <span class='ocrx_word' id='word_1_214' title='bbox 268 3774 485 3839; x_wconf 73' lang='lat' dir='ltr'>liquidamoleem</span> <span class='ocrx_word' id='word_1_215' title='bbox 494 3777 697 3830; x_wconf 82' lang='lat' dir='ltr'>incendiarium.¹</span> <span class='ocrx_word' id='word_1_216' title='bbox 737 3794 766 3830; x_wconf 89' lang='lat' dir='ltr'>re</span> <span class='ocrx_word' id='word_1_217' title='bbox 778 3779 888 3830; x_wconf 68' lang='lat' dir='ltr'>vulnus!</span> <span class='ocrx_word' id='word_1_218' title='bbox 905 3778 984 3828; x_wconf 77' lang='lat' dir='ltr'>aium</span> <span class='ocrx_word' id='word_1_219' title='bbox 994 3792 1065 3829; x_wconf 77' lang='lat' dir='ltr'>nvn.</span> <span class='ocrx_word' id='word_1_220' title='bbox 1073 3774 1263 3837; x_wconf 82' lang='lat' dir='ltr'>‘fluitundlqne</span> 
     </span>
     <span class='ocr_line' id='line_1_35' title="bbox 172 3848 1265 3913; baseline -0.003 -12"><span class='ocrx_word' id='word_1_221' title='bbox 172 3852 259 3901; x_wconf 77' lang='lat' dir='ltr'>Talem</span> <span class='ocrx_word' id='word_1_222' title='bbox 278 3848 431 3913; x_wconf 64' lang='lat' dir='ltr'>resumere</span> <span class='ocrx_word' id='word_1_223' title='bbox 444 3851 538 3913; x_wconf 76' lang='lat' dir='ltr'>Pupin.</span> <span class='ocrx_word' id='word_1_224' title='bbox 554 3866 583 3901; x_wconf 87' lang='lat' dir='ltr'>x.</span> <span class='ocrx_word' id='word_1_225' title='bbox 600 3853 697 3904; x_wconf 84' lang='lat' dir='ltr'>deseri·</span> <span class='ocrx_word' id='word_1_226' title='bbox 737 3857 821 3907; x_wconf 79' lang='lat' dir='ltr'>vietor</span> <span class='ocrx_word' id='word_1_227' title='bbox 850 3854 998 3905; x_wconf 68' lang='lat' dir='ltr'>Mulciber!</span> <span class='ocrx_word' id='word_1_228' title='bbox 1028 3856 1128 3904; x_wconf 77' lang='lat' dir='ltr'>Varror</span> <span class='ocrx_word' id='word_1_229' title='bbox 1154 3849 1265 3901; x_wconf 83' lang='lat' dir='ltr'>‘fluunt</span> 
     </span>
     <span class='ocr_line' id='line_1_36' title="bbox 173 3926 1264 3992; baseline -0.004 -15"><span class='ocrx_word' id='word_1_230' title='bbox 173 3928 221 3990; x_wconf 85' lang='lat' dir='ltr'>bit,</span> <span class='ocrx_word' id='word_1_231' title='bbox 233 3941 309 3992; x_wconf 82' lang='lat' dir='ltr'>quem</span> <span class='ocrx_word' id='word_1_232' title='bbox 322 3926 436 3975; x_wconf 67' lang='lat' dir='ltr'>imitatur</span> <span class='ocrx_word' id='word_1_233' title='bbox 447 3940 535 3989; x_wconf 80' lang='lat' dir='ltr'>presse</span> <span class='ocrx_word' id='word_1_234' title='bbox 552 3928 619 3991; x_wconf 83' lang='lat' dir='ltr'>pede</span> <span class='ocrx_word' id='word_1_235' title='bbox 635 3932 697 3979; x_wconf 85' lang='lat' dir='ltr'>item</span> <span class='ocrx_word' id='word_1_236' title='bbox 738 3932 842 3982; x_wconf 81' lang='lat' dir='ltr'>ubertus</span> <span class='ocrx_word' id='word_1_237' title='bbox 853 3931 943 3982; x_wconf 69' lang='lat' dir='ltr'>renti!</span> <span class='ocrx_word' id='word_1_238' title='bbox 975 3930 1018 3979; x_wconf 78' lang='lat' dir='ltr'>lte</span> <span class='ocrx_word' id='word_1_239' title='bbox 1038 3930 1141 3981; x_wconf 77' lang='lat' dir='ltr'>Lucret.</span> <span class='ocrx_word' id='word_1_240' title='bbox 1157 3926 1190 3976; x_wconf 87' lang='lat' dir='ltr'>de</span> <span class='ocrx_word' id='word_1_241' title='bbox 1202 3940 1264 3974; x_wconf 79' lang='lat' dir='ltr'>ren·</span> 
     </span>
     <span class='ocr_line' id='line_1_37' title="bbox 174 4000 1262 4073; baseline -0.004 -20"><span class='ocrx_word' id='word_1_242' title='bbox 174 4002 251 4054; x_wconf 73' lang='lat' dir='ltr'>Silius</span> <span class='ocrx_word' id='word_1_243' title='bbox 263 4010 381 4053; x_wconf 76' lang='lat' dir='ltr'>mtxtv.</span> <span class='ocrx_word' id='word_1_244' title='bbox 392 4001 697 4071; x_wconf 69' lang='grc' dir='ltr'>οουι1ηῐε,φσλακροον,</span> <span class='ocrx_word' id='word_1_245' title='bbox 738 4009 784 4056; x_wconf 87' lang='lat' dir='ltr'>tir:</span> <span class='ocrx_word' id='word_1_246' title='bbox 802 4004 875 4055; x_wconf 85' lang='lat' dir='ltr'>‘Nec</span> <span class='ocrx_word' id='word_1_247' title='bbox 886 4004 987 4073; x_wconf 79' lang='lat' dir='ltr'>rstlpne</span> <span class='ocrx_word' id='word_1_248' title='bbox 995 4000 1078 4053; x_wconf 84' lang='lat' dir='ltr'>linunt</span> <span class='ocrx_word' id='word_1_249' title='bbox 1089 4000 1156 4051; x_wconf 69' lang='lat' dir='ltr'>elia?</span> <span class='ocrx_word' id='word_1_250' title='bbox 1172 4000 1262 4050; x_wconf 82' lang='lat' dir='ltr'>idem:</span> 
     </span>
     <span class='ocr_line' id='line_1_38' title="bbox 174 4074 1263 4143; baseline -0.001 -15"><span class='ocrx_word' id='word_1_251' title='bbox 174 4087 203 4129; x_wconf 88' lang='lat' dir='ltr'>ut</span> <span class='ocrx_word' id='word_1_252' title='bbox 223 4080 332 4128; x_wconf 66' lang='lat' dir='ltr'>Plautus</span> <span class='ocrx_word' id='word_1_253' title='bbox 352 4076 507 4127; x_wconf 78' lang='lat' dir='ltr'>‘denmsre&#39;</span> <span class='ocrx_word' id='word_1_254' title='bbox 525 4077 551 4125; x_wconf 89' lang='lat' dir='ltr'>in</span> <span class='ocrx_word' id='word_1_255' title='bbox 571 4080 696 4141; x_wconf 77' lang='lat' dir='ltr'>captivis,</span> <span class='ocrx_word' id='word_1_256' title='bbox 737 4079 849 4132; x_wconf 83' lang='lat' dir='ltr'>&#39;flumen</span> <span class='ocrx_word' id='word_1_257' title='bbox 866 4078 948 4143; x_wconf 86' lang='lat' dir='ltr'>picis,&#39;</span> <span class='ocrx_word' id='word_1_258' title='bbox 960 4092 998 4129; x_wconf 87' lang='lat' dir='ltr'>vr.</span> <span class='ocrx_word' id='word_1_259' title='bbox 1016 4077 1130 4132; x_wconf 80' lang='lat' dir='ltr'>Lucilius</span> <span class='ocrx_word' id='word_1_260' title='bbox 1143 4094 1150 4125; x_wconf 75' lang='lat' dir='ltr'>r</span> <span class='ocrx_word' id='word_1_261' title='bbox 1161 4074 1263 4133; x_wconf 74' lang='lat' dir='ltr'>‘linite-</span> 
     </span>
     <span class='ocr_line' id='line_1_39' title="bbox 176 4146 997 4223; baseline 0.004 -22"><span class='ocrx_word' id='word_1_262' title='bbox 176 4152 339 4210; x_wconf 63' lang='lat' dir='ltr'>‘derellsre’</span> <span class='ocrx_word' id='word_1_263' title='bbox 354 4152 529 4203; x_wconf 65' lang='lat' dir='ltr'>‘dentulum&#39;</span> <span class='ocrx_word' id='word_1_264' title='bbox 562 4154 655 4219; x_wconf 79' lang='lat' dir='ltr'>Papin.</span> <span class='ocrx_word' id='word_1_265' title='bbox 665 4170 697 4206; x_wconf 85' lang='lat' dir='ltr'>rr.</span> <span class='ocrx_word' id='word_1_266' title='bbox 738 4146 766 4206; x_wconf 81' lang='lat' dir='ltr'>re</span> <span class='ocrx_word' id='word_1_267' title='bbox 777 4169 901 4223; x_wconf 77' lang='lat' dir='ltr'>espronss</span> <span class='ocrx_word' id='word_1_268' title='bbox 914 4152 997 4205; x_wconf 67' lang='lat' dir='ltr'>altas?</span> 
     </span>
     <span class='ocr_line' id='line_1_40' title="bbox 174 4228 696 4297; baseline 0.008 -18"><span class='ocrx_word' id='word_1_269' title='bbox 174 4228 544 4297; x_wconf 78' lang='lat' dir='ltr'>Theb.⁸ssprerquemelsrer</span> <span class='ocrx_word' id='word_1_270' title='bbox 552 4231 696 4283; x_wconf 80' lang='lat' dir='ltr'>Deedlcare</span> 
     </span>
    </p>
   </div>
   <div class='ocr_carea' id='block_1_6' title="bbox 0 0 1489 4875">
    <p class='ocr_par' dir='ltr' id='par_1_7' title="bbox 0 0 1489 4875">
     <span class='ocr_line' id='line_1_41' title="bbox 0 0 1489 4875; baseline 0 0"><span class='ocrx_word' id='word_1_271' title='bbox 0 0 1489 4875; x_wconf 95' lang='lat' dir='ltr'> </span> 
     </span>
    </p>
   </div>
  </div>
 </body>
</html>
