2959 4875
228 304 275 369 oti
489 314 569 367 ιιι.
592 311 788 365 rnsrzosu
813 310 1064 364 nssssnrsrro

230 477 283 533 tor
304 466 418 551 potios
438 464 493 531 hio
517 465 612 531 loeus
632 482 678 529 ex
699 482 744 531 eo
765 463 908 539 inbono
929 470 1324 546 namnetensem

231 569 390 645 Hecube,
419 566 523 653 hujus
558 565 702 645 hortatu,
734 564 907 633 Helenam
940 565 1071 634 adierit.
1131 564 1325 646 Utrumque

229 674 315 739 enim
337 673 396 737 ille
416 672 463 738 sit
484 669 609 755 pariter
630 670 741 752 egisse
762 688 839 736 oum
855 668 999 735 Heleno„
1041 670 1133 738 Vide
1154 688 1234 734 enm
1248 669 1324 733 12⁰.

229 784 264 839 et
278 772 352 839 121.
891 820 898 833 .
1298 826 1301 830 f

275 894 299 939 ι.
319 876 373 942 11.
396 872 562 958 ‘Ulysses
587 872 798 952 contestandi
811 871 919 955 magis
932 872 1052 955 gratio,
1074 892 1175 957 quern
1190 870 1322 955 oliqnid

166 1009 170 1014 ·
229 996 273 1041 eo
297 977 444 1043 oratione
470 972 682 1060 profuturus?
726 974 857 1040 Nescio
882 973 968 1047 unde
992 976 1028 1037 in
1050 993 1149 1039 nsum
1164 972 1325 1056 Delphini

231 1078 357 1143 editum
385 1078 431 1143 sit
458 1074 713 1161 ‘promoturus'
765 1074 911 1159 Propius
937 1081 975 1140 st
1002 1075 1214 1158 probabilius
1241 1073 1324 1139 mihi

231 1179 363 1245 videtur
376 1181 388 1213 ‘
400 1174 630 1263 profecturus!
674 1176 731 1242 Sic
748 1174 882 1241 Hirtius
896 1176 939 1241 Β.
951 1175 1057 1243 Alex.
1072 1175 1126 1241 12
1141 1179 1325 1271 ‘fluentum

230 1280 379 1363 penulis
392 1280 537 1363 navigiis
551 1277 787 1363 profecissent,
804 1276 1012 1343 sentiebsnt'

274 1399 316 1447 ιι.
330 1382 363 1447 9.
385 1380 446 1446 ‘Is
462 1398 605 1464 nemque
625 1386 821 1445 snmmoesto
834 1398 879 1445 oo
902 1378 994 1445 looto
1019 1378 1132 1445 obsito
1144 1375 1324 1461 Agnmsm-

231 1482 334 1550 noni.’
377 1482 432 1549 Ite
454 1481 576 1560 edidit,
591 1488 630 1547 nt
644 1480 734 1547 credi
750 1500 814 1565 por
829 1485 893 1560 est,
915 1500 962 1546 ex
984 1478 1069 1545 Mss.
1082 1480 1136 1546 vel
1151 1478 1326 1545 Meroerns

230 1568 387 1669 isrimnm,
400 1583 457 1648 vel
473 1582 675 1662 Obrechtns,
689 1601 767 1647 com
780 1582 858 1647 alios
878 1581 953 1648 edd.
967 1581 1090 1665 legant,
1109 1582 1163 1648 ‘is
1176 1598 1325 1665 nomque

161 1699 165 1705 '
232 1684 291 1754 din
314 1690 441 1751 moesto
466 1685 557 1750 lueto
580 1685 691 1751 obsito
715 1682 847 1768 Agant?
890 1682 963 1767 Ego
985 1683 1169 1749 Msstornm
1183 1682 1326 1765 vestigio

233 1793 367 1853 secutos
389 1786 516 1864 malim,
538 1788 691 1852 ‘somme
711 1792 846 1862 moesto,
869 1803 911 1850 so
935 1784 1027 1849 luctu
1053 1777 1166 1849 obsito
1192 1780 1330 1865 Agsml.

234 1888 325 1954 Nam
352 1884 614 1953 ‘snmmoestns'
638 1905 704 1952 oon
727 1892 854 1953 tontum
867 1884 1016 1951 insolens
1037 1892 1094 1951 est
1107 1883 1325 1961 vocobulum,

232 1989 292 2053 sed
308 1994 342 2055 et
359 2008 380 2054 o
395 2006 527 2055 summo
548 2006 663 2053 revers
675 1986 938 2070 Agamemnonis
959 1988 1056 2056 lnotn
1076 1986 1234 2065 dienen,
1248 2003 1330 2051 enm

233 2091 353 2159 socole
365 2095 376 2126 ‘
390 2090 475 2156 sob'
500 2090 745 2175 incompositis
762 2090 911 2156 minnere
923 2088 1036 2157 soleat
1048 2087 1330 2171 significationem

233 2192 446 2277 simplicium.
489 2188 671 2259 ‘Summe'
695 2194 812 2259 ,sutem
839 2192 1003 2255 nsitotom
1029 2188 1133 2255 etiarn
1161 2188 1331 2255 classicis

232 2300 284 2359 est
310 2294 514 2359 auctoribus.
557 2291 628 2358 cto.
651 2292 750 2357 Forn-
777 2307 829 2356 ιν.
851 2292 884 2356 8.
905 2289 1079 2355 ‘omnium
1099 2289 1327 2355 doetrinmnm

235 2413 364 2462 somme
392 2390 590 2462 studiosus?
632 2392 676 2462 Et
696 2410 748 2460 ιι.
766 2394 800 2460 7.
824 2397 972 2459 ‘somme
995 2388 1168 2460 diffidere:
1213 2390 1328 2457 Phnt.

234 2495 337 2568 Milit.
354 2513 405 2564 ιν.
420 2499 452 2562 «t.
467 2497 523 2563 29.
543 2495 704 2562 ‘Summe
718 2493 882 2580 cupiens:

278 2613 317 2664 ιι.
332 2599 385 2664 lo.
399 2594 705 2663 ‘Maeandriororn‘
748 2593 895 2662 Videtur
907 2613 993 2660 sone
1007 2595 1180 2680 legendnm
1192 2592 1314 2660 ‘Neon

235 2696 406 2765 driorom.’
439 2699 566 2765 Forsan
580 2699 683 2766 etism
697 2696 801 2784 penlo
821 2703 900 2764 onte
923 2693 1242 2762 ‘Neandriensinm’
1263 2715 1329 2780 pro

234 2799 534 2868 ‘Montorensiom’
577 2799 669 2868 Nom
690 2801 772 2866 nulli
785 2797 1116 2869 tnernntin'l'rosde
1138 2797 1331 2874 Moeondrii,

233 2903 318 2968 nolti
333 2904 576 2974 Mentoronses.
619 2902 665 2968 Et
693 2903 800 2968 solen
825 2901 1022 2968 Neandrom
1042 2902 1163 2966 urbem
1182 2897 1337 2964 Troadis.

234 3004 270 3068 in
298 3003 363 3069 hon
394 3003 503 3089 Cygni
528 3001 670 3070 historio
697 3011 882 3070 memorant
909 3001 1055 3068 Meletos
1080 3012 1117 3067 et
1135 2999 1337 3067 cedrenus..

236 3103 338 3184 Quod
354 3113 469 3172 autem
483 3104 646 3172 Neandrii
664 3104 720 3172 ltin
745 3105 889 3172 ‘fideles
910 3109 1011 3190 atque
1024 3102 1219 3170 amicissimi
1232 3100 1331 3168 Gro-

236 3209 288 3274 cis
302 3209 346 3276 ad
360 3207 424 3274 boe
439 3213 568 3298 tempos
582 3206 828 3292 permansisse'
851 3207 1017 3284 dicontur,
1032 3204 1068 3269 id
1081 3201 1334 3288 intelligendum
1357 3210 1359 3213 ’

235 3317 316 3376 tono
339 3309 427 3374 soret
447 3310 492 3373 eb
509 3327 552 3374 oo
577 3313 725 3392 tempore
739 3328 862 3393 nsque,
884 3325 953 3392 quo
975 3325 1015 3371 se
1037 3303 1172 3371 Graecis
1192 3303 1331 3370 dedide-

235 3416 321 3476 runt
364 3409 408 3474 Et
422 3408 578 3477 videntur
590 3410 644 3475 his
657 3409 776 3474 verbis
795 3407 921 3493 respici
944 3425 1027 3472 sone
1046 3403 1329 3492 superiore‘ci·
1368 3463 1372 3470 .

82 3577 88 3596 ,
235 3511 375 3576 vitatem
390 3510 574 3588 innoxiam,
588 3517 624 3576 et
643 3510 748 3594 poulo
762 3516 976 3594 postrenus
993 3507 1084 3574 sibi!
1129 3507 1237 3573 Ponto
1251 3513 1337 3573 onte

235 3610 326 3676 filios
348 3609 454 3696 Cygni
476 3614 487 3647 ⁸
499 3609 639 3677 Goben'
666 3617 703 3678 et
728 3608 957 3678 ‘mom’
990 3609 1141 3676 nominet
1169 3607 1336 3684 Molem,

236 3712 340 3777 tiliam
353 3730 431 3778 vero
446 3731 544 3797 mque
558 3730 600 3778 se
616 3711 742 3786 Noster
754 3711 924 3778 Glaucen.

281 3829 324 3878 11.
337 3814 392 3878 ld.
413 3811 491 3878 ‘Ob
509 3833 653 3882 emonem
666 3812 764 3879 donis
777 3814 813 3881 in
828 3809 1037 3879 exemitnm'
1077 3810 1170 3892 Lege
1183 3811 1335 3890 omnino,

237 3911 430 3994 ‘exercite'
450 3921 488 3980 ot
501 3914 604 3999 paolo
619 3923 696 3981 ente
710 3915 752 3980 de
765 3914 892 3992 eodem
913 3913 986 3978 ‘vir
998 3909 1146 3996 optimos
1158 3918 1336 3997 neoeptns·

239 4017 351 4100 quein
362 4015 535 4096 exereitu,'
545 4016 603 4081 nbi
617 4016 705 4083 mole
718 4021 753 4083 et
763 4015 837 4080 sine
851 4035 956 4082 nauso
966 4013 1181 4096 vindingins,
1196 4018 1339 4098 ‘sooeps

238 4123 360 4200 tnsqoe
381 4119 540 4192 exercitui
549 4118 568 4183 :’
589 4135 666 4186 corn
686 4126 720 4186 et
742 4117 830 4188 inira
851 4139 883 4184 o.
903 4118 957 4186 29.
979 4116 1023 4188 de
1051 4117 1169 4191 eodem
1191 4115 1343 4192 dimon
