2959 4875
420 377 469 425 Dii
493 377 612 426 BBLLO
636 377 808 427 TBOJANO
831 378 906 426 nra.
930 379 986 428 ΙΙΙ.

153 518 340 600 Postquam
353 524 488 584 exemto
502 521 609 602 quies,
620 525 653 584 et
665 527 791 584 moesto
804 522 902 603 pulsa
917 524 1045 606 fragore

153 619 271 702 inscia
282 619 433 685 turbatas
446 619 586 684 hausere
601 620 735 684 silentia
749 639 862 700 voces,

151 718 244 785 Aure
259 720 351 805 prius
365 723 470 786 mensi
485 721 648 799 domitus,
664 723 721 785 ubi
736 728 771 786 et
787 723 875 788 nude
890 723 1066 805 turnultus,

151 820 283 886 Armati
298 827 438 904 cognatu
452 827 567 904 petunt
581 822 719 888 oracula
733 824 836 888 cives.

152 921 224 986 Hic
239 923 335 986 tritas
350 920 490 986 stridere
505 923 608 1006 lyras,
619 923 674 988 hic
689 925 815 1007 pocula
829 936 965 991 cernunt

150 1022 269 1088 Effnso
284 1022 416 1087 calcata
427 1022 517 1100 Deo,
532 1023 658 1088 funalia
671 1024 782 1090 lucem

151 1122 292 1202 Ponere,
307 1128 342 1188 et
355 1123 492 1188 effracto
504 1124 676 1208 lacrymari
690 1124 853 1208 lampada
864 1128 964 1192 vitro.

150 1223 266 1290 Mirati
281 1243 348 1309 que
361 1225 456 1289 clade
470 1243 561 1289 nova
568 1223 723 1308 jucunda
736 1227 848 1304 sileret

150 1325 293 1408 Religio,
307 1345 384 1409 quae
400 1343 503 1390 cauae
516 1325 591 1408 pios
607 1327 746 1412 inopina
759 1329 922 1394 tumultus

151 1427 314 1506 flexerit,
329 1428 504 1492 advertunt
518 1428 603 1492 alias
617 1429 660 1492 ed
676 1428 789 1494 littora
801 1430 890 1508 lites,

149 1528 195 1593 Et
209 1535 282 1594 toto
297 1528 451 1592 sonuisse
466 1527 559 1592 mari.
603 1527 693 1608 Quo,
708 1529 833 1612 pertide
846 1530 934 1607 leno,

150 1629 306 1712 Hospitii
320 1634 510 1709 temerator,
525 1629 622 1694 abiet
645 1632 695 1696 sic
710 1631 811 1714 digne
824 1631 991 1714 rependis,

150 1729 298 1814 Regales
312 1730 460 1812 prandete
473 1731 593 1794 torosi
616 1730 671 1796 his
685 1732 810 1797 mobile
821 1733 941 1814 vulgus

150 1831 320 1908 Excitnm,
333 1849 425 1896 arma
438 1830 557 1911 fremit,
571 1839 736 1916 raptaque
750 1833 930 1916 superstite
945 1832 1041 1898 turba

149 1931 317 1998 Invadunt
327 1931 515 2015 Phrygios:
537 1933 589 1997 illi
603 1953 668 1998 nec
681 1934 824 2018 pandere
837 1934 924 2011 vela,

150 2033 328 2116 Moliriqne
341 2033 455 2115 sugam
465 2043 612 2113 cessant,
626 2053 689 2100 nec
699 2035 839 2118 jungere
854 2035 944 2100 bello

150 2135 337 2218 Dignantnr
351 2134 498 2214 dextras,
512 2140 669 2200 contenta
683 2154 831 2219 paupere
846 2154 977 2219 pugne:

148 2235 231 2301 Sole
241 2236 508 2302 tamentnmidos
523 2242 689 2320 pertentat
704 2237 809 2319 gioria
820 2238 932 2318 captis

149 2336 315 2422 injectare
329 2357 458 2415 manns,
467 2339 636 2422 proprium
651 2356 727 2404 cum
743 2338 888 2422 quiaque
902 2335 1087 2421 trophoenrn

150 2438 330 2507 Ostentare
345 2448 451 2523 paret,
467 2447 528 2505 aut
539 2440 626 2519 cive,
637 2447 697 2507 ant
711 2440 838 2523 virgine
850 2448 961 2524 rapta.

192 2541 281 2608 Ecce
295 2542 380 2607 redit
394 2542 536 2624 Paphiae
552 2542 691 2605 meritus
705 2542 850 2623 uirgulta
862 2559 994 2605 coronae

148 2643 315 2708 Victrices
328 2643 479 2706 vinctura
494 2658 620 2719 comas,
630 2640 837 2725 Tenedoqne
850 2641 981 2725 potitus
1117 2688 1128 2711 .

148 2744 171 2811 J
174 2764 229 2809 am
244 2745 353 2808 minus
367 2742 546 2807 audentem
562 2742 687 2807 solatur
702 2736 819 2825 praedo
836 2742 1014 2807 Lacaenam

148 2844 171 2911 J
173 2864 228 2908 am
240 2844 371 2908 tandem
386 2845 505 2926 patriae
519 2862 708 2921 memorem,
718 2844 778 2907 sed
792 2862 914 2927 gnarus
924 2843 1053 2908 adulter

148 2944 315 3011 Pollicitis
330 2931 433 3009 fluitis
446 2946 587 3011 moechae
603 2946 732 3011 sancire
746 2947 907 3025 favorem,

148 3046 193 3113 Et
205 3047 303 3112 fictos
317 3046 421 3111 lenire
435 3053 555 3125 metus,
571 3049 650 3112 ebur
661 3055 796 3131 aggerat
807 3047 939 3126 Indum,

147 3146 262 3212 Thura
277 3148 410 3225 Sabaea,
423 3147 529 3214 Midas
545 3148 681 3225 fluvios,
693 3155 726 3213 et
739 3150 862 3215 vellera
875 3148 990 3213 Serum

602 3326 781 3348 'Hm

179 3443 227 3491 1118
247 3441 318 3491 Varo
329 3455 374 3492 ors
386 3440 434 3491 Ed.
444 3440 604 3492 Bon-sn
623 3443 710 3493 Nodiie
720 3443 771 3493 Mo.

636 3588 745 3640 Nom

146 3684 220 3735 Psoi.
239 3694 278 3731 rx.
297 3686 351 3732 1111.
368 3684 447 3743 ἐπειδὴ
463 3685 545 3735 πολλὰ
558 3684 609 3750 rupi
626 3688 671 3744 τῆς
710 3684 772 3736 item
786 3687 843 3735 111.
858 3681 1000 3733 nocerium
1012 3680 1124 3731 Homt.

147 3754 671 3822 badimrdudixdn,rreinpiriprwidrod
742 3762 789 3809 idi
814 3760 880 3807 Am
902 3769 970 3818 prm
989 3752 1075 3815 mei]
1098 3750 1174 3800 Silia!
1195 3760 1238 3796 ¹¹·

146 3837 226 3901 ῥοιῆς.
245 3834 305 3893 adro
321 3834 341 3883 δ’
360 3834 388 3882 ot
406 3834 467 3885 rard
483 3833 556 3885 :aas
578 3834 670 3894 hmo,
710 3836 901 3898 ‘quantamque
916 3828 1027 3880 oteheim
1039 3826 1156 3876 dederet
1166 3836 1237 3871 men·

146 3914 213 3963 md
222 3910 307 3973 uma
319 3908 436 3960 πολλάκις
449 3908 488 3959 arri
499 3908 670 3973 ὰνιβόλλπαι,
710 3909 751 3961 rt!

146 3988 185 4039 aei
202 3989 274 4039 reiro
293 3986 399 4037 rancis
416 3985 583 4050 ῥφθνμοτίρονι
600 3991 670 4045 roasi,
741 3990 789 4035 ³1⁶
807 3986 924 4034 Contenta
941 3992 1043 4043 paupert
1055 3974 1148 4039 m]
1165 3976 1237 4037 183⁰

145 4064 260 4116 &tumn
274 4064 312 4113 dri
326 4060 457 4127 θύρωιτὴν
471 4062 581 4127 sinopide
590 4062 672 4128 οὖσαν,
709 4064 832 4113 cosm.
844 4065 876 4107 ut
890 4057 918 4106 in
935 4056 1042 4105 ’1.111.
1058 4048 1141 4100 nna
1155 4049 1237 4111 enices

147 4146 198 4192 dre.
230 4142 297 4193 Vide
313 4142 393 4191 etiam
409 4139 532 4190 Neriene.
548 4138 621 4191 initio
631 4140 670 4189 in·
710 4132 892 4203 pro⁸nobi10.'

145 4216 253 4269 recttrn
273 4215 424 4282 posterioris
445 4216 472 4267 in
492 4215 590 4269 tumr.
613 4219 670 4267 11⁰.
