2959 4875
205 324 270 391 80⁴
581 334 742 385 nrnnrrs
765 334 923 383 rrrarcrr

207 482 329 549 milites
356 479 527 563 eligerent:
548 478 591 543 ad
612 478 802 544 concionem
838 478 1003 561 populum
1039 475 1153 541 venire
1185 475 1290 558 jubet.

208 581 269 667 [8.]
292 580 555 648 commonefacit
570 580 668 656 tilios,
685 585 723 643 nt
738 580 881 662 majores
895 584 975 642 natu
990 577 1173 642 minoribus
1187 576 1292 660 irnpe-

207 691 324 749 rarent
375 682 597 747 Monstravit¹¹
620 698 705 763 quas
726 678 864 761 iniurias
885 678 998 743 Greci
1018 678 1174 761 Trojauis
1194 676 1295 741 fecis·

208 790 300 849 sent:
323 786 366 849 nb
381 784 444 848 lroc
459 783 662 847 Antenorem
682 781 830 861 legatum
848 781 883 843 in
900 779 1082 855 Graeciam,
1098 778 1294 854 misissent

208 886 274 949 sibi
290 885 474 949 Hesionam
489 902 632 949 sororem
647 880 831 958 redderent,
842 887 875 946 et
884 880 1117 945 satisfacerent
1128 880 1293 963 Trojanis.
1334 908 1339 914 ·

209 987 410 1052 Antenorem
425 984 661 1051 contumeliose
681 984 724 1046 ab
747 984 798 1046 eis
819 988 1016 1047 tractatum:
1039 981 1295 1065 necquicquam

209 1090 253 1153 ab
266 1088 321 1152 his
335 1089 510 1171 impetrare
530 1086 691 1169 potuisse.
736 1084 790 1148 0b
811 1083 877 1148 hoe
899 1085 1031 1167 placere
1055 1083 1131 1159 sibi,
1145 1082 1295 1148 Alexan·

208 1189 302 1253 dmm
314 1189 400 1252 mitti
414 1206 489 1252 oum
504 1187 614 1251 classe
628 1188 663 1250 in
678 1185 859 1262 Graeciam,
874 1187 932 1268 qni
954 1186 1010 1249 avi
1033 1184 1087 1247 sui
1105 1192 1246 1249 mortem
1260 1193 1296 1249 et

209 1290 428 1373 Trojauorum
450 1288 585 1371 injurias
607 1287 834 1353 ulcisceretur·
877 1285 1081 1350 Antenorem
1095 1285 1206 1349 dicere
1222 1286 1296 1369 J'ns-

210 1391 266 1467 sit,
280 1388 446 1473 quomodo
460 1388 495 1452 in
510 1388 645 1453 Graecia
658 1392 824 1453 tractatus
838 1388 891 1451 sit.
918 1385 1065 1451 Antenor
1077 1386 1231 1451 hortatus
1244 1394 1296 1451 est

213 1490 387 1573 Troianos,
397 1508 436 1553 ne
445 1490 686 1566 horrescerent,
694 1489 738 1555 ad
750 1486 957 1553 bellandum⁰
972 1487 1006 1551 iu
1015 1486 1202 1552 Grmciam⁹
1216 1506 1296 1551 snos

212 1591 396 1655 alacriores
409 1582 518 1655 lecit?
542 1589 665 1655 Paucis
678 1578 1015 1672 demonstravitque
1026 1590 1060 1652 in
1073 1588 1209 1653 Graecia
1223 1608 1296 1671 ges·

211 1698 308 1756 serat.
352 1690 506 1755 Priamus
521 1691 618 1769 dixit,
634 1692 664 1755 si
683 1694 737 1756 cui
758 1691 951 1774 displiceret
965 1690 1088 1753 bellum
1104 1689 1184 1771 geri,
1200 1709 1296 1754 suam

214 1791 415 1855 voluntatem
429 1791 583 1857 ediceret.
627 1792 723 1857 Tunc
738 1791 887 1856 Panthus
901 1792 1034 1855 Priamo
1047 1797 1081 1855 et
1101 1792 1296 1874 propinquis

214 1890 329 1974 prodit
343 1910 383 1955 ea
397 1910 474 1974 quae
490 1912 511 1955 a
532 1898 625 1976 petre
645 1892 846 1975 Euphorboq
868 1892 1036 1957 andierat:
1059 1892 1091 1955 si
1104 1891 1297 1957 Alexander

213 2009 350 2055 uxorem
366 1991 407 2055 de
416 1992 552 2057 Graecia
566 1992 777 2069 adduxisset,
790 1993 945 2076 Trojanis
958 2001 1143 2057 extremum
1157 1994 1297 2057 exitium

213 2078 369 2156 laturum.
414 2093 479 2157 Sed
495 2093 665 2177 pulchrius
680 2113 756 2157 esse
767 2096 801 2157 in
814 2095 887 2158 otio
902 2094 1004 2157 vitam
1017 2093 1146 2176 degere,
1155 2112 1256 2178 qnam
1263 2096 1298 2157 in

212 2194 355 2257 tumultu
370 2192 560 2259 libertatem
577 2196 740 2274 amittere,
762 2203 796 2259 et
816 2195 999 2279 periculum
1013 2195 1103 2259 inire.
1146 2194 1298 2277 Populus

213 2294 447 2358 anctoritatem
454 2294 574 2359 Panthi
584 2298 777 2361 contemsit:
791 2315 900 2377 regem
912 2295 1020 2360 dicere
1026 2296 1209 2380 jusserunt,
1217 2294 1298 2379 qnid

212 2391 284 2458 fleri
313 2394 420 2460 vellet.
468 2396 623 2462 Priamus
647 2395 734 2461 dixit
758 2414 862 2462 naves
888 2396 1122 2480 praeparandas
1144 2416 1230 2476 esse,
1259 2403 1299 2461 ut

215 2501 310 2558 eatur
334 2495 368 2558 iu
397 2493 581 2561 Graeciam:
601 2498 758 2563 utensilia
783 2517 916 2582 quoqne
940 2499 1066 2582 populo
1089 2518 1153 2562 non
1173 2498 1297 2563 deesse.

216 2595 370 2678 Populus
385 2597 609 2663 conclamavit
632 2617 746 2681 perse
766 2617 891 2662 moram
911 2619 977 2663 non
999 2619 1170 2682 esse,.quo
1187 2602 1297 2665 minns

214 2697 309 2792 regis·
328 2699 506 2781 praeceptis
533 2705 700 2781 parcatur.
746 2698 901 2762 Priamus
923 2700 991 2763 illis
1014 2719 1152 2782 magnas
1177 2701 1299 2783 gratias

215 2799 291 2878 egit,
306 2799 567 2880 concionemquc
582 2798 720 2864 dimisit.
767 2797 817 2861 Ac
831 2817 911 2864 rnox
926 2800 959 2862 in
975 2799 1070 2864 ldam
1086 2802 1216 2883 sylvam
1238 2802 1299 2864 mi-

216 2896 271 2972 sit,
282 2897 360 2978 qui¹
374 2897 563 2961 materiem¹
579 2899 797 2975 succiderent,
812 2918 913 2962 naues
928 2899 1142 2965 aedificarent.
1173 2902 1298 2966 Hecto-

666 3075 853 3098 eumenen

248 3157 262 3186 ⁸
281 3156 311 3204 ln
323 3157 419 3220 Delplr.
431 3156 473 3205 lric
484 3158 555 3206 locus
566 3158 602 3208 rie
615 3159 803 3222 interpunpitur
815 3176 821 3209 ι
838 3161 862 3210 t.
875 3177 895 3210 ι.
908 3161 1019 3222 Menos
1030 3163 1222 3212 submonerent
1234 3163 1264 3210 ad
1276 3161 1299 3212 l.

216 3221 242 3268 r'rr
254 3219 381 3284 Grecirrlr,
390 3237 410 3271 a.
421 3220 519 3280 a.f.—·l
538 3222 618 3272 Deest
628 3224 668 3286 puri
679 3225 705 3272 in
717 3225 813 3288 Delplr.

705 3383 813 3434 NOTAE

249 3485 261 3508 ¹¹
278 3477 493 3539 manutenete]
510 3477 740 3528 liademl'ererer·
811 3483 903 3538 ποια
920 3498 937 3530 a
955 3487 1023 3544 patre
1043 3482 1177 3547 emto]
1205 3485 1299 3534 Psatlrl

140 3581 148 3600 .
217 3549 417 3613 bishierepetit
431 3551 533 3613 ineptas
548 3554 740 3619 scriptor,qnas
780 3563 879 3620 patrem
894 3557 1112 3618 hicEnplrorbum
1126 3557 1191 3608 dicit
1206 3561 1300 3624 Dares,

214 3625 268 3687 jam
280 3624 346 3673 dixit
358 3625 450 3686 pagina
460 3627 595 3688 superiori.
780 3645 855 3693 quern
861 3631 1300 3698 Serriurotlrryadear.Virp.·Pan·

222 3725 227 3732 ·
247 3699 278 3732 ⁰·
289 3699 493 3750 Norensem
503 3702 534 3750 ad
544 3700 686 3764 armna]
698 3703 740 3752 ln·
780 3707 838 3756 mur
849 3706 1008 3770 Othryades,
1019 3708 1085 3758 ercis
1100 3709 1241 3775 Plautique
1260 3727 1300 3760 aa·

218 3773 272 3823 rita
285 3773 739 3838 raneineptissimnmlruncreripto·
778 3781 886 3832 eerdca'
918 3781 1013 3833 Pantlri
1026 3782 1158 3833 historiam
1172 3786 1300 3847 munimur

218 3863 272 3898 rem
288 3862 420 3912 percurre,
431 3849 468 3898 ita
483 3849 591 3900 barbare
606 3858 634 3902 et
647 3852 739 3902 misere
777 3854 844 3918 apud
856 3856 960 3920 Dictys.

217 3925 308 3975 scribit
317 3925 426 3976 scilicet.
457 3925 509 3976 Sed
521 3927 644 3978 calcanda
653 3936 737 3978 tamen
809 3931 972 3996 tntum]
995 3932 1144 3982 ‘Materia'
1160 3940 1189 3984 et
1204 3935 1299 3984 ‘erate-

217 4001 267 4048 rla.
777 4006 847 4067 ries,’
857 4007 961 4070 proprie
971 4007 1084 4070 liguum:
1101 4007 1300 4060 nudelrrGlors.

234 4082 261 4161 ,ν
279 4077 309 4124 la
320 4078 448 4141 Greek]
464 4078 495 4128 Id
504 4085 554 4137 est,
565 4087 655 4132 centra
664 4081 737 4132 Gre-
777 4090 952 4146 exponantur,
961 4080 1050 4143 tiana,
1061 4083 1114 4142 ὕλη.

218 4163 291 4200 eran.
