2959 4875
208 290 275 359 Μ
576 306 743 355 oranius
766 306 934 355 raarerr·

210 451 271 515 sed
297 457 415 527 tamen,
441 450 529 534 qnod
555 450 794 533 Agamemnoni
821 452 903 515 nihil
927 468 1047 532 negare
1072 450 1196 532 possit,
1220 468 1297 515 cum

210 560 344 635 tempus
364 572 484 635 pugnae
500 554 760 636 supervenisset,
774 574 812 619 se
833 554 956 618 milites
970 570 1053 616 suos
1072 552 1250 615 missurum
1265 548 1298 611 :⁸

211 656 322 738 ipsum
350 661 544 719 excusatum
573 655 707 719 haberet
731 655 825 739 quod
851 673 893 718 se
918 654 1095 717 abstineret
1121 672 1143 715 a
1168 651 1298 735 pugna.i

212 756 441 837 Agamemnon
465 756 496 819 ei
518 756 642 839 gratias
658 758 736 839 agit.
779 754 860 839 [32]
880 755 1032 839 Tempus
1047 774 1168 837 pugnae
1182 773 1299 835 snper·

213 858 322 921 venit:
343 857 478 941 Trojuni
498 858 680 923 exercitum
693 858 848 923 educam.
891 856 1018 921 Contra
1038 853 1157 935 Argiui
1177 854 1299 938 prode·

214 966 283 1023 unt.
326 958 478 1024 Achilles
502 958 753 1042 Myrmidonum
774 959 919 1035 instruit,
947 957 991 1021 ad
1011 955 1300 1037 Agamemnonem

213 1066 349 1143 paratos
363 1062 475 1127 mittit.
513 1060 569 1124 Fit
584 1080 698 1141 pugna
711 1061 838 1144 majore
853 1060 976 1124 acriter
987 1057 1136 1123 saeuitur.
1165 1055 1301 1121 'l'roilns

215 1162 303 1225 enim
318 1162 353 1225 in
367 1164 476 1246 prima
491 1162 564 1226 acie
578 1160 723 1239 Argivos
745 1161 858 1238 eadit,
880 1159 1112 1243 Myrmidonas
1131 1157 1302 1242 persequi·

215 1270 288 1329 tur:
309 1266 561 1347 impressionem
581 1264 664 1327 lacit
685 1264 720 1327 iu
741 1272 871 1328 castra:
893 1262 1016 1326 multos
1030 1261 1176 1326 occidite
1197 1259 1301 1343 pluri·

213 1383 288 1429 mos
302 1364 446 1429 sauciat.
489 1364 581 1449 Ajax
591 1364 808 1429 Telamonius
822 1362 968 1429 obstitit
1009 1362 1148 1447 Trojani
1158 1362 1301 1427 victores

215 1466 250 1529 in
264 1467 425 1549 oppidum
438 1473 654 1531 revertuntur.
697 1466 840 1530 Postera
853 1465 910 1529 die
925 1463 1156 1545 Agamemnon
1171 1462 1301 1528 exerci-

215 1572 286 1631 tum
298 1566 428 1632 educit:
441 1586 555 1631 omnes
570 1567 675 1631 duces
690 1578 726 1630 et
741 1565 969 1649 Myrmidones
982 1564 1155 1649 pmdenut.
1178 1565 1300 1631 licon·

215 1674 268 1731 tra
281 1668 418 1752 'l'mjani
432 1669 501 1733 lasti
514 1670 549 1733 iu
565 1669 671 1733 aciem
689 1668 861 1751 prodeunt.
886 1668 1009 1732 Proelio
1022 1669 1199 1733 commisso
1209 1674 1301 1731 uter-

216 1787 282 1851 que
295 1772 464 1834 exercitus
490 1771 576 1834 inter
597 1788 635 1833 se
657 1768 835 1834 dimicant:
857 1771 978 1834 acriter
1003 1789 1063 1853 per
1084 1770 1215 1853 aliquot
1228 1767 1301 1832 dies

215 1878 398 1953 pugnatur:
420 1872 525 1935 multa
543 1870 649 1935 millia
663 1870 831 1936 hominum
844 1889 888 1935 ex
901 1878 1041 1954 uuaqne
1061 1876 1154 1954 parte
1167 1870 1302 1935 cudunt.

110 2044 114 2061 .
215 1968 351 2035 Troilus
365 1970 592 2053 Myrmidonas
607 1972 829 2055 persequitur,
842 1974 972 2051 sternit,
988 1973 1094 2056 lugat.
1123 1970 1301 2055 Aguntumd

215 2090 284 2135 non
299 2080 335 2137 ut
349 2073 432 2137 uidit
452 2074 566 2156 plures
588 2094 633 2137 ex
655 2092 718 2139 sua
737 2080 832 2157 parte
846 2075 990 2151 occisos,
1013 2073 1167 2139 inducias
1180 2074 1216 2137 in
1230 2073 1302 2137 dies

217 2172 346 2255 triginta
367 2175 462 2258 petit,
478 2182 518 2239 ut
538 2194 622 2240 suos
643 2174 797 2239 luseram
810 2178 933 2259 possit.
976 2176 1132 2240 Priamus
1145 2174 1300 2240 inducias

218 2274 333 2355 dedit;
366 2296 446 2342 suos
476 2278 617 2361 quisque
644 2277 858 2360 sepeliendos
888 2284 989 2343 curat
1040 2276 1123 2360 [33]
1151 2276 1302 2359 Tempus

217 2397 339 2461 pugnae
369 2381 572 2464 superuenit.
615 2380 753 2465 Trojani
774 2381 956 2447 exercitum
979 2380 1134 2445 educunt.
1178 2376 1303 2443 Goutm

219 2476 449 2560 Agamemnon
465 2503 577 2548 omnes
589 2485 695 2550 duces
716 2485 752 2548 iu
773 2503 917 2568 pugnarn
931 2484 1028 2567 cogit.
1073 2482 1196 2546 Praelio
1209 2501 1301 2546 com-

216 2580 319 2645 misso
343 2582 383 2646 fit
406 2603 525 2665 magna
548 2586 680 2652 credes:
705 2585 825 2652 acriter
839 2587 991 2652 sariunt.
1034 2585 1221 2668 Postquam
1235 2585 1301 2666 pri·

218 2699 308 2745 snum
324 2688 453 2766 tempus
467 2686 532 2748 diei
548 2687 689 2765 transiit,
704 2688 815 2770 prodit
828 2688 862 2750 in
877 2683 1015 2770 praelio'¹
1028 2686 1175 2763 Troilus,
1190 2685 1300 2760 cedit,

218 2785 406 2863 prosternit.
448 2784 565 2866 Argivi
580 2787 692 2868 lugam
707 2807 784 2852 cum
797 2787 941 2852 clamore
956 2789 1119 2853 facerunt.
1147 2785 1301 2850 Achilles

219 2890 258 2946 ut
271 2884 357 2948 vidit
371 2885 520 2951 Troilum
533 2887 581 2953 ita
595 2889 727 2966 scrire,
745 2897 781 2953 et
792 2887 927 2972 Argivis
946 2891 1117 2968 insultare,
1132 2888 1299 2969 simulque

219 2985 289 3050 sina
302 2984 539 3053 intermissione
555 2995 778 3073 prosternere,
792 2989 936 3072 Argivos
957 2993 1119 3067 laborare,
1144 2989 1303 3072 prosiluit

219 3087 252 3150 iu
268 3089 403 3153 bellum.
446 3090 530 3155 Eum
556 3093 717 3156 continuo
742 3092 880 3158 Troilus
903 3089 1079 3180 praecipit,¹
1104 3099 1140 3155 et
1162 3092 1302 3155 sauciat

671 3288 850 3309 ΜΙΙΙΜΙΟ

253 3401 268 3445 8
284 3399 454 3463 Myrmidones,
464 3409 492 3451 et
504 3402 540 3452 sie
554 3403 658 3468 passim,
668 3406 764 3469 Delplr.

709 3581 816 3630 NOTAE

251 3678 612 3753 *maturescentem-a]
637 3691 677 3739 Es
688 3691 742 3742 llo·
782 3705 832 3740 non
851 3689 996 3741 abstineat!
1021 3691 1077 3740 Ην.
1095 3707 1158 3743 rrrr.
1177 3694 1304 3743 ‘Alexan-

221 3758 549 3824 rrrerolrnmutatnm‚apnd
563 3777 637 3828 quem
653 3765 742 3816 Aelnil-
781 3767 854 3815 drnm
876 3767 990 3816 Romano
1011 3767 1078 3818 bello
1099 3768 1203 3819 fortnas
1225 3771 1304 3819 atati·

221 3835 366 3898 lerqnidem
379 3841 659 3903 pugnsrereensatred
669 3843 740 3907 Myr·
780 3841 853 3892 unit'

220 3910 335 3960 midonar
351 3926 409 3964 snos
424 3927 480 3963 eum
497 3913 619 3966 Patroclo
635 3918 661 3967 iu
677 3933 740 3982 png·
812 3916 825 3950 ¹
840 3918 928 3966 Prodit
937 3918 963 3967 ia
971 3918 1066 3982 mla]
1087 3921 1304 3974 Potiuuerilrera

219 3999 279 4036 uam
291 3989 379 4042 mittit.
781 3991 1303 4063 debebst‚¹inproelinm;'ntinire.‘pro-

256 4061 263 4094 ¹
278 4064 346 4119 Quod
356 4065 541 4118 reodstiamtu
557 4070 649 4138 pegae]
674 4071 742 4120 Bru·
780 4070 851 4120 siluit
859 4071 887 4118 in
896 4070 1010 4120 bellurn!

221 4143 262 4185 tus
279 4139 312 4188 ad
330 4139 461 4191 Atticum:
486 4143 540 4191 ‘Ut
554 4157 583 4192 se
599 4145 740 4196 maledictis
814 4146 821 4180 ¹
845 4145 974 4209 Praeer'pit]
1006 4146 1039 4196 ld
1058 4156 1305 4215 ertppruoeeupet.
