2959 4875
392 334 441 387 nrt
464 334 641 389 ureretur
667 342 778 394 aanor
801 345 978 397 rnorem.
1182 338 1228 407 ao

110 474 114 483 ’
135 500 181 553 νος
192 477 337 557 βασιλεὺς,
353 476 385 557 ὶξ
395 477 428 541 οὗ
443 482 457 542 i
474 487 575 566 Τρῶας,
588 482 637 546 καὶ
651 490 675 547 oi
695 494 745 551 rori
765 486 852 551 Ἰλίου
876 490 1018 566 βασιλεῖς.
1060 490 1225 561 Videmus

137 578 176 643 in
195 579 246 642 his
265 579 401 669 easdem
422 601 487 658 res,
501 590 537 645 et
558 586 696 649 eandem
717 606 824 653 rerum
847 591 976 666 seriem,
991 592 1106 657 endem
1121 595 1228 663 ferme

138 680 226 749 bona
239 686 271 745 et
291 682 402 761 mala3
419 681 517 765 jungi
539 685 661 751 Danao
677 686 875 768 Agenorem,
890 692 949 772 qni
969 693 1058 757 illius
1079 705 1150 760 erat
1164 717 1225 780 pa-

139 783 238 857 truus,
266 799 341 863 quan
358 783 552 867 conjunctio
572 785 688 849 saltem
712 788 812 851 verho
833 793 959 873 exponi
980 793 1168 875 debuisset,
1189 805 1228 863 nt

138 887 398 965 constaretque
419 884 549 947 ratione
569 904 628 969 per
649 886 728 951 illos
751 887 784 950 in
807 888 893 953 idem
917 912 1019 972 genus
1040 901 1074 959 et
1090 896 1226 963 eundem

138 984 295 1064 originem
322 986 533 1049 convenirent
561 986 717 1051 Priamus
744 995 779 1053 et
804 989 949 1069 Helena,
968 995 1077 1067 sicuti,
1086 996 1171 1080 jam,
1193 1006 1228 1064 et

136 1091 236 1162 recte,
252 1086 380 1149 monuit
394 1083 578 1163 Mercerus,
594 1095 628 1151 et
650 1088 733 1153 feeit
748 1087 927 1171 cedrenus,
942 1093 1001 1158 sed
1022 1097 1112 1165 haud
1127 1100 1227 1168 dubie

137 1184 177 1251 do
197 1202 274 1263 sno,
297 1204 375 1256 euru
398 1184 582 1269 Agenorem
605 1187 688 1253 dicit
711 1189 823 1255 Danai
849 1191 1053 1277 rapitrapit
1096 1198 1228 1267 Deinde
1303 1228 1307 1233 ·

135 1286 306 1353 rideturin
319 1295 435 1352 nostro
445 1286 566 1370 Diotye
579 1291 764 1370 legendnm,
775 1312 842 1357 non
852 1290 1000 1374 Hesiona,
1008 1315 1068 1361 nec
1079 1294 1229 1379 Pleione,

138 1388 194 1453 sed
211 1384 373 1465 Pleriorru,
382 1388 473 1453 unde
487 1390 585 1457 facile
598 1390 731 1457 formari
747 1394 859 1475 potuit
872 1394 952 1459 illud
970 1394 1109 1462 Hesione
1110 1402 1226 1483 ,quod

135 1491 313 1574 preferant
335 1489 420 1555 listi
440 1490 594 1574 Dictyos,
610 1509 677 1557 non
699 1493 766 1570 hic,
780 1495 837 1558 ubi
860 1497 1043 1563 mutilatum
1066 1500 1227 1571 exhibent

135 1592 197 1657 hoo
212 1612 334 1657 nomen
356 1594 466 1675 prima
479 1592 625 1689 syllaba,
643 1595 824 1677 leguntque
846 1602 987 1675 motura,
1021 1598 1113 1677 lone,
1142 1598 1227 1669 Ona»

139 1690 231 1770 Sarra,
258 1694 404 1759 teshbus
427 1692 578 1758 Mercero
599 1701 633 1759 et
648 1694 828 1774 Obrechto,
842 1696 900 1761 sed
917 1713 967 1763 ιν.
980 1698 1035 1764 22.
1078 1700 1126 1768 At
1145 1704 1228 1769 auti·

136 1796 300 1879 munima
322 1794 464 1859 Mediol.
486 1794 589 1859 editio
611 1796 699 1859 haud
722 1796 821 1861 dubie
845 1798 918 1863 suis
937 1801 1039 1867 etiam
1057 1821 1101 1867 ex
1116 1802 1224 1871 codd.

135 1898 368 1965 ‘Plesionem'
388 1899 444 1962 hie
458 1899 548 1980 legit,
565 1899 664 1982 plane
679 1901 728 1963 nti
750 1918 815 1963 non
831 1900 978 1968 Mulelas
991 1903 1102 1983 modo,
1116 1905 1177 1971 sed
1192 1913 1227 1971 et

136 1998 325 2079 cedrenus,
337 2002 395 2085 qni
409 2018 590 2065 consensus
612 2019 675 2065 non
690 1999 821 2066 videtur
844 2008 967 2067 temus
989 2005 1226 2087 repudiandus,

135 2104 289 2185 munda
305 2102 473 2185 ceteroqui
488 2120 593 2185 neque
613 2100 797 2177 ‘Pleione'
816 2123 925 2186 neque
947 2108 958 2142 ‘
968 2104 1148 2185 Plesiona’
1166 2127 1227 2175 ne·

136 2220 200 2286 qne
211 2208 222 2237 ‘
235 2201 410 2267 Hesiona’
425 2204 512 2266 inter
525 2203 638 2267 Danai
649 2201 736 2265 filias
748 2210 944 2268 memoretur
955 2206 999 2270 ab
1012 2206 1066 2285 iis,
1081 2208 1140 2291 qni
1149 2207 1226 2273 illas

138 2324 179 2368 ex
193 2304 344 2387 professo
368 2309 571 2381 enumerant,
585 2301 793 2386 Apollodoro
808 2311 845 2367 et
867 2304 1007 2386 Hygino
1013 2326 1027 2389 3
1049 2313 1168 2370 contra
1180 2309 1225 2371 ah

138 2406 288 2472 omnihus
315 2403 462 2478 Atlantis
489 2421 573 2468 uxor
595 2404 735 2481 dicator,
760 2423 828 2468 uon
852 2404 975 2481 Danai,
997 2404 1060 2470 sad
1095 2404 1227 2474 Oceani

139 2507 237 2588 Filia,
260 2511 332 2572 sire
355 2503 542 2580 ‘Pleione'
564 2507 637 2570 sive
662 2504 819 2583 ‘AEthra,'
838 2506 979 2572 nomine.
1024 2507 1065 2570 ln
1080 2527 1149 2571 uno
1165 2529 1225 2573 au·

138 2615 199 2674 tem
228 2626 378 2674 seorsum
410 2605 482 2670 abit
503 2625 524 2670 a
544 2606 705 2687 Septimio
735 2605 891 2683 Mulelas,
912 2607 974 2670 sed
1003 2607 1097 2672 hand
1126 2607 1226 2677 dubie

137 2711 218 2775 ritio
242 2709 410 2774 memoriae
435 2705 490 2770 vel
512 2705 728 2788 negligentia,
746 2705 833 2788 quod
850 2705 1020 2772 Atlantem
1045 2707 1134 2774 huno
1149 2708 1225 2774 Ple-

138 2813 248 2876 aiones
261 2813 345 2875 iacit
360 2809 464 2872 filium
486 2813 521 2870 et
534 2807 678 2871 Electrae
689 2807 835 2884 fratrem,
846 2826 922 2871 enm
945 2828 990 2875 ox
1011 2810 1086 2894 ipso
1100 2809 1225 2894 Dictys

137 2923 252 2980 nostro
266 2911 357 2976 haud
381 2912 502 2986 minus,
516 2926 616 2992 quarn
635 2925 680 2970 ex
700 2907 853 2971 omnihus
875 2907 952 2971 aliis
965 2913 1109 2988 constet,
1129 2911 1226 2978 nari-

136 3025 204 3080 tum
218 3016 325 3080 fuisse
339 3012 500 3076 Pleiones
515 3010 586 3074 sive
602 3008 784 3079 Plesicnes
800 3007 946 3072 Electrae
962 3018 1073 3075 nutem
1088 3019 1226 3094 patrem.

138 3117 288 3199 Denique
304 3114 455 3177 ridemus
477 3111 729 3194 praetermisisse
751 3127 809 3172 eos
829 3110 951 3191 pariter
967 3109 1226 3189 Erichthonium,

138 3217 194 3299 qni
224 3212 473 3281 interserendus
501 3217 573 3276 erat
601 3213 687 3274 inter
715 3207 909 3272 Dardanum
940 3215 975 3274 et
1002 3210 1105 3288 Trou,
1129 3210 1226 3293 hujus

138 3321 262 3402 qnippe
275 3322 380 3398 pater,
394 3313 486 3376 illius
500 3311 599 3376 filius.
645 3309 767 3392 Neque
782 3310 893 3376 omisit
911 3330 988 3374 eum
1003 3311 1129 3375 Noster
1143 3311 1228 3376 inira

140 3435 187 3480 rr.
201 3418 259 3483 22.
275 3418 333 3480 uhi
353 3414 483 3497 plenius
508 3413 669 3478 familiam
683 3418 716 3476 et
737 3416 891 3494 posteros
916 3412 1066 3478 Dardani
1080 3413 1226 3496 exponit.

139 3519 250 3602 Culpa
263 3518 339 3602 ejus
362 3517 409 3579 rei
427 3514 481 3578 hic
494 3515 562 3578 loci
578 3513 678 3576 haeret
696 3510 786 3576 haud
807 3511 959 3578 dublein
982 3513 1041 3588 illo
1063 3513 1150 3596 ipso,
1165 3513 1224 3598 qui

138 3631 289 3703 tempore
309 3616 456 3682 Neronis
482 3614 640 3680 Graecum
668 3614 764 3678 nohis
791 3613 916 3695 Dietyu
937 3616 1134 3697 composuit,
1156 3632 1225 3696 quo

138 3723 265 3805 pariter
284 3721 336 3784 usi
360 3717 508 3782 Malelas
530 3725 561 3780 et
585 3715 779 3796 Septimius,
794 3721 831 3778 ut
852 3733 896 3778 ex
916 3715 1019 3792 hisee,
1033 3715 1097 3778 nisi
1119 3714 1226 3790 fallor,

141 3821 272 3886 ahunde
283 3827 388 3904 petet,
401 3819 435 3881 in
449 3817 591 3881 eundern
606 3816 663 3879 hic
677 3815 864 3880 inciderunt
876 3833 1025 3881 errorem.

181 3937 296 3986 xvrrr.
317 3919 477 4003 Sequitur
490 3935 568 3980 mox
585 3916 675 4000 apud
698 3914 879 3980 Nostrum:
902 3911 1085 3996 ‘Agenoris
1100 3915 1226 3997 quippe

141 4023 241 4088 hlium
265 4021 464 4088 Phoenicem
488 4023 521 4082 et
541 4018 662 4100 Dymae
687 4015 791 4099 patris
806 4015 972 4090 Hecubae,
984 4022 1018 4079 et
1031 4015 1132 4080 ledae
1148 4032 1249 4076 con-r

143 4125 370 4206 sanguinitatis
383 4120 543 4202 originem
560 4115 749 4202 dimisisse’
770 4115 857 4197 Quae
873 4117 922 4179 ita
938 4113 1079 4180 Malelas
1092 4130 1228 4215 expres=
