2959 4875
189 352 194 357 ·
245 322 310 391 tto
589 337 750 388 niceros
772 337 981 388 cannensis

244 486 303 547 unt
316 468 380 545 nnn
394 478 504 545 inlcsti
519 478 597 545 hnic
610 500 722 563 regno.
748 480 871 547 Nonne
885 476 1006 564 sponte
1020 478 1192 563 supplices
1201 484 1241 543 nt
1252 478 1336 544 reci·

244 583 340 666 piant
353 600 429 646 enm
440 582 656 666 rogabimnsl
701 581 783 651 Nun
796 583 886 647 omni
902 580 1002 645 morlo
1016 579 1264 645 satisfaciemus
1278 577 1345 655 lue-ss

245 684 293 747 sis
303 682 375 766 jem
390 683 490 747 toties
504 702 564 766 per
576 683 661 748 nosl
705 682 785 746 Nou
798 682 993 747 infuturum
1009 680 1127 747 saltem
1141 682 1336 746 reconcilia·

244 785 353 849 bimus
368 784 449 849 tales
464 784 576 849 virosi
620 782 691 865 Ego
712 783 848 867 quidem
870 783 973 848 abibo
996 782 1074 847 hinc
1086 781 1161 867 jam
1175 793 1211 846 et
1224 780 1334 846 disce·

225 886 321 951 ·dam
335 885 474 966 longius,
490 903 600 967 neque
615 884 819 949 committam
840 889 877 949 ut
897 872 1037 947 ulterius
1058 881 1210 948 intersim
1233 882 1334 947 melis

199 1018 228 1046 κ
242 987 374 1051 ansuis.
403 984 485 1049 Fuit
498 992 630 1067 tempus
646 1002 714 1067 quo
726 1002 860 1047 munere
873 983 908 1047 in
923 984 986 1047 lrac
1000 982 1135 1047 civitate
1143 981 1334 1066 jucundum

243 1091 330 1163 erat3
352 1086 449 1163 socii,
463 1085 576 1161 amici,
590 1085 855 1168 propinquorum
879 1084 986 1163 salus,
1002 1084 1111 1166 penis
1125 1082 1269 1167 (lenique
1284 1083 1334 1147 in·

244 1186 385 1252 columis
399 1188 560 1252 attinuere
574 1187 607 1249 in
622 1185 711 1249 hunc
726 1184 826 1251 diem.
869 1183 993 1250 (luntre
1005 1204 1094 1249 nnnc
1113 1183 1194 1267 quid
1212 1184 1332 1248 horum

242 1308 312 1353 nun
326 1289 543 1358 imminutum,
558 1287 663 1351 autin
678 1290 786 1350 totum
799 1286 964 1350 sublatum
976 1288 1074 1352 nobis
1088 1287 1164 1351 est't
1187 1284 1267 1351 Non
1283 1286 1334 1350 ie·

245 1406 313 1453 rem
329 1410 382 1454 me
397 1408 472 1453 cnm
486 1389 540 1453 his
555 1387 686 1464 morari,
700 1404 840 1468 quornm
856 1405 958 1469 opera
971 1392 1116 1451 cnncta²
1129 1405 1207 1451 cum
1225 1387 1338 1471 paula

245 1489 433 1555 concidere.
492 1488 537 1553 Et
555 1507 615 1553 eos
630 1487 777 1571 quidem,
791 1506 878 1571 qnos
898 1488 932 1552 in
951 1487 1039 1552 bello
1055 1487 1188 1552 fortuna
1202 1488 1336 1570 eupuit,

243 1586 448 1673 utcumqueh
468 1588 542 1673 jam
565 1588 793 1673 sepelivimus,
814 1586 1071 1653 concedentibus
1093 1588 1180 1653 ultro
1199 1588 1335 1653 reniam

243 1690 399 1756 hostibus
408 1689 491 1755 used
502 1696 681 1773 postquam
692 1689 841 1754 Deorum
857 1708 926 1754 arse
940 1697 1040 1773 etque
1050 1687 1188 1753 delubra
1203 1689 1338 1771 sungui-

210 1872 216 1881 ἡ
244 1809 287 1855 ue
300 1791 441 1855 humano
456 1809 515 1873 per
534 1791 648 1855 scelus
666 1789 790 1855 inlecta
809 1787 903 1867 sunt,¹
921 1790 987 1855 hoc
1002 1790 1106 1855 etiam
1120 1790 1294 1853 amisimus
1305 1786 1335 1854 :¹¹

186 1954 195 1971 ,
245 1892 369 1977 qnippe
385 1890 506 1974 quibus
527 1890 656 1975 majora
670 1886 856 1975 supplicie¹
878 1896 1115 1973 postmortem
1142 1888 1336 1955 carissimo-

216 2015 222 2023 ·
243 2010 315 2056 rum
331 2009 433 2075 quam
446 1990 480 2053 in
493 1992 572 2076 ipsc
583 1990 765 2056 amissione
780 1991 957 2058 subeunde
969 1997 1056 2056 sunt.
1088 1990 1175 2070 Qum
1189 2009 1231 2055 ne
1245 1992 1338 2055 acci-

244 2091 334 2168 dant,
349 2111 437 2156 nunc
452 2090 570 2159 saltem
592 2091 775 2176 providete.
818 2090 913 2158 Auro
928 2100 1029 2178 atque
1051 2092 1243 2176 hujusmodi
1257 2093 1336 2157 aliis

243 2192 391 2276 praemiis
418 2190 609 2257 redimenda
635 2190 748 2275 paula
773 2199 835 2258 est.
886 2193 1008 2259 Multae
1037 2193 1072 2258 iu
1108 2192 1171 2257 hac
1200 2194 1338 2259 civitate

244 2290 331 2357 dites
344 2290 480 2371 domns3
509 2292 628 2389 singuli
643 2308 704 2376 pro
717 2291 936 2358 facultatibus
958 2295 992 2358 iu
1014 2294 1159 2360 medium
1182 2291 1338 2360 consula·

243 2410 328 2457 mus.
371 2390 546 2458 Postremo
568 2392 721 2460 offeratur
743 2413 805 2479 pro
825 2395 894 2460 vita
908 2395 1073 2475 hostibus,
1087 2395 1177 2479 quod
1191 2413 1274 2461 mox
1287 2396 1338 2459 in·

244 2495 341 2558 toritu
361 2501 475 2559 ucstm
495 2495 643 2578 ipsorum
661 2495 811 2560 futurum
828 2502 895 2560 est.
936 2496 1151 2580 Templumm
1176 2496 1289 2572 etiam,
1304 2496 1336 2560 si

243 2611 378 2657 necesse
398 2595 470 2672 erit,
496 2595 695 2662 ornamentis
710 2617 773 2681 pro
792 2597 1020 2662 incolumitate
1038 2598 1156 2681 petrina
1177 2594 1336 2662 utendum

243 2697 305 2757 est.
345 2693 450 2759 Solus
463 2713 543 2760 suas
557 2714 642 2778 opes
659 2695 748 2761 intus
767 2697 938 2762 custodiat
952 2697 1121 2775 Priamus,
1136 2697 1231 2761 solus
1246 2696 1335 2760 (livi-

244 2793 311 2858 tias
323 2795 471 2878 potiores
493 2794 623 2860 ovibus
642 2795 713 2860 suis
733 2795 864 2861 teneat:
895 2797 949 2861 his
961 2785 1061 2863 etiam
1077 2817 1153 2881 qnae
1169 2818 1244 2864 cum
1261 2797 1335 2862 He·

243 2891 319 2956 lena
329 2900 430 2977 rapta
439 2901 519 2958 sunt
532 2894 859 2979 incubetvirleutqne
870 2916 968 2980 quem
980 2897 1024 2961 ud
1040 2897 1164 2962 linsm¹¹²
1176 2896 1335 2962 utendum

116 2998 129 3048 “·.
244 2997 340 3074 putet
353 2993 471 3077 patriae
480 2993 738 3059 calamitatibus.
764 2994 1009 3079 Nescietijam
1019 2997 1335 3062 sumusmalisnus·

227 3193 230 3200 Δ
244 3092 319 3158 tm's.
342 3093 403 3176 [a]
417 3093 503 3159 Haec
519 3100 618 3177 atque
626 3093 694 3159 alia
708 3112 786 3159 cum
793 3094 950 3180 lacrymis
959 3095 1139 3161 disserente
1153 3115 1207 3174 co,
1219 3099 1334 3162 cuncti

698 3287 877 3310 meone

244 3417 338 3469 lin-²
354 3418 450 3470 luserit
460 3417 557 3483 Delplr.
569 3417 629 3470 ulti
640 3423 699 3484 port
707 3425 848 3472 nme-⁸
865 3421 959 3487 ildeb.
969 3428 998 3473 et
1008 3424 1085 3487 vulgo
1096 3423 1205 3486 mm,
1214 3424 1271 3475 sine
1281 3426 1334 3476 vir·

669 3569 672 3580 '
730 3595 839 3648 sous

273 3701 286 3735 ἱ
305 3700 444 3764 Utcunque]
458 3700 547 3750 Potius
558 3703 680 3766 sentitur,
691 3719 767 3769 qnam
837 3706 922 3756 ¹llos
936 3707 1011 3758 etis·
1029 3709 1160 3774 Miner]
1177 3710 1216 3762 Ut
1232 3712 1332 3763 sellim

192 3809 196 3818 ι
242 3775 397 3843 ειρῐίηιίῑιιι
416 3776 453 3826 ris
471 3777 546 3840 lrujns
563 3776 688 3830 adverbii.
719 3783 768 3832 Est
805 3783 952 3833 carissimos
962 3785 1238 3848 nostronepelismns.
1270 3785 1332 3837 Hoc

242 3852 454 3918 ‘quoquomodo'
479 3853 581 3904 Gallice
591 3855 629 3905 its
638 3857 767 3922 exprlme·
806 3857 1025 3908 satirnbreurun.

244 3929 701 3993 rsm‚cllnlsrselesraecelnertseit.
836 3932 844 3967 ¹
865 3932 963 3994 uere
988 3933 1115 3998 unicis]
1143 3934 1199 3998 llic,
1225 3937 1330 4001 variar

277 4002 390 4063 tmere
405 4004 471 4068 nrt]
486 4004 517 4055 ld
533 4011 584 4068 ert,
599 4007 681 4059 tinctu
696 4015 766 4060 ruet.
805 4008 887 4058 multe
897 4022 954 4058 esre
965 4008 1084 4058 animm
1093 4007 1172 4060 fllium
1182 4011 1330 4062 semiure-

243 4077 280 4125 llt
290 4077 337 4126 lnce
348 4075 422 4139 dicit,
434 4084 541 4141 propter
560 4078 684 4134 Achillem
699 4085 767 4136 ucci-
806 4081 907 4147 pslrnm
921 4082 1104 4146 videreque·
1115 4097 1174 4134 eum
1184 4085 1314 4138 amittere·

242 4163 307 4214 rum,
318 4151 344 4200 in
356 4153 453 4217 templo
464 4153 600 4218 Apollinis.
654 4175 663 4194 ·
841 4166 860 4191 ¹
876 4157 1086 4224 deflaear]
1101 4157 1331 4226 Pro‘quourqur.’
