2959 4875
232 328 279 394 40
499 340 576 389 ric.
601 337 794 387 raurznrru
817 336 1068 388 passarario

232 504 276 563 =oe
294 482 417 559 tradat,
432 490 467 549 et
481 488 591 548 muron
607 483 764 549 nonnulla
786 483 888 548 etiam
907 482 1102 559 accuratius
1115 486 1151 545 et
1166 480 1326 550 dioertius

237 585 452 667 expresserit,
468 602 566 667 quam
582 590 694 663 noster
707 584 906 668 Septimius,
920 586 978 667 qui
989 584 1173 667 aliqnando
1186 584 1327 648 circum·

237 685 319 749 oisis
345 685 543 748 necessariis
566 681 609 747 ad
634 686 681 749 rei
705 684 952 767 intelligentiam
982 684 1243 754 circumstantiis
1269 684 1328 747 ob·

238 804 337 851 scnre
356 785 508 868 quaedam
526 792 560 849 et
580 784 737 867 ambigue
750 791 873 849 namet.
917 784 1033 847 Veluti
1042 784 1135 867 quod
1149 785 1193 849 de
1207 783 1330 849 AEthra

238 894 273 951 et
289 887 446 971 Clymene
468 904 570 969 supra
594 887 862 950 memoravimus.
907 884 971 949 Cui
994 884 1083 949 adde
1104 884 1216 948 locum
1230 901 1280 947 ru.
1294 886 1329 949 ὃ

239 986 394 1067 ‘Fugam
430 991 627 1069 capessunt,
665 986 861 1068 clausisque
888 985 1037 1052 civitatis
1068 986 1188 1068 portis,
1224 986 1331 1053 nostri

239 1090 394 1173 reliquos,
420 1107 504 1172 quos
529 1088 609 1175 iuga
631 1088 717 1152 bello
748 1086 1168 1163 exemeratobtruncant,
1183 1084 1330 1153 soeminis

240 1196 369 1255 tantum
385 1192 591 1255 abstinentes
605 1208 737 1268 manus,
759 1197 997 1274 parcentesqne
1015 1186 1138 1253 sexui?
1180 1188 1329 1265 Dubium

241 1292 330 1356 enini
344 1290 399 1355 bic
414 1290 619 1374 relinquitur,
636 1296 747 1355 utrum
761 1289 825 1367 illi,
840 1289 899 1371 qui
914 1290 977 1354 sub
988 1288 1197 1355 Penthesilea
1209 1289 1332 1355 militu-

241 1394 332 1471 baut,
359 1400 393 1459 et
415 1392 564 1474 ingerant
588 1410 633 1455 ex
658 1391 732 1463 acie
755 1392 798 1456 ad
822 1393 949 1467 urbem,
964 1390 1143 1455 clauserint
1164 1392 1232 1475 ipsi
1253 1391 1332 1455 dein

193 1542 196 1551 i
240 1500 371 1578 portas,
392 1512 436 1557 an
464 1512 542 1557 vero
566 1492 713 1577 Trojuni,
736 1492 796 1575 qni
822 1493 857 1557 in
879 1493 963 1556 urbe
985 1502 1187 1558 manserant.
1232 1492 1333 1559 Prius

242 1593 390 1661 crederet
405 1592 492 1677 quis,
507 1592 564 1676 qni
592 1592 789 1675 Septimium
814 1598 939 1657 tautum
955 1592 1044 1676 legit,
1059 1601 1097 1657 at
1120 1613 1210 1671 vero,
1225 1596 1334 1677 quiet

242 1695 416 1772 Mulelam,
450 1695 671 1778 deprehendet
707 1695 879 1773 contiuuo,
907 1714 1023 1759 uerum
1054 1714 1132 1759 esse
1155 1696 1332 1778 posterius.

243 1795 334 1861 Nam
348 1795 513 1880 Trojanos
528 1796 610 1859 dicit
623 1796 678 1859 ille
701 1795 889 1860 ‘clausisse
908 1794 1048 1878 portus,'
1069 1798 1116 1859 brol
1129 1795 1193 1870 τοὺς
1213 1795 1335 1881 eer'rpor·

241 1900 472 1981 ra5,‘propter
493 1896 569 1959 illos
592 1893 770 1977 fugientes,'
795 1901 830 1960 nt
850 1914 1032 1979 repugnare
1057 1898 1188 1963 scilicet
1202 1897 1335 1963 Gracia

241 2004 445 2079 cogerentur,
459 1998 518 2062 sed
542 2004 576 2061 et
598 1997 639 2061 de
666 1995 875 2062 ‘Foeminis'
894 1997 963 2061 illis
984 1997 1090 2075 addit,
1108 1998 1214 2065 fuisse
1234 1998 1335 2063 Ama·

241 2115 356 2175 nonas,
370 2118 454 2181 quas
465 2098 579 2163 Graeci
595 2104 715 2181 captas
730 2098 816 2161 inter
829 2117 867 2161 se
882 2098 1067 2163 diviserint.

288 2214 374 2265 xxr.
399 2202 551 2285 Denique
567 2220 620 2264 res
631 2200 808 2263 manifesta
822 2200 876 2263 uel
889 2199 1035 2265 maxime
1052 2219 1096 2265 ex
1111 2200 1214 2265 Libro
1228 2198 1337 2272 Sexto

243 2303 347 2367 nostri
362 2303 561 2387 interpretis,
575 2304 610 2367 in
631 2319 729 2386 quem
756 2320 854 2366 unum
875 2299 1044 2383 redegisse
1065 2320 1104 2365 sa
1119 2304 1167 2365 ait
1187 2310 1338 2385 quatuor

244 2401 298 2465 vol
313 2404 461 2489 quinque
483 2404 654 2470 uolumina
667 2402 784 2468 Graeci
806 2403 962 2487 Dictyos,
984 2410 1075 2469 certe
1096 2403 1210 2468 retulit
1230 2409 1337 2476 totam

244 2503 412 2574 hismriam
427 2505 468 2570 de
495 2506 600 2571 reditu
623 2505 831 2569 Graecorum.
874 2504 1021 2569 Mulelas
1044 2512 1154 2570 autem
1183 2505 1339 2575 similiter

246 2606 381 2690 quidem
395 2608 570 2672 defunctus
584 2613 635 2672 est
648 2607 769 2690 paucis
783 2607 817 2670 in
837 2625 879 2670 ea
899 2605 1051 2686 historia,
1063 2606 1123 2671 sed
1141 2608 1190 2672 ita
1210 2613 1338 2685 tameo,

246 2714 284 2772 ut
298 2728 362 2774 nou
377 2715 531 2792 sequatur
553 2708 767 2793 Septimium,
788 2727 901 2772 uerum
918 2707 1058 2798 reliquis
1078 2726 1124 2771 ex
1137 2704 1339 2774 Graecorum

245 2811 352 2876 reditu
376 2811 624 2893 pretermissis,
640 2809 797 2892 delegerit
817 2809 1025 2892 potissimum
1047 2809 1216 2874 historiam
1235 2809 1340 2896 Ulys-

246 2913 306 2986 sis,
322 2931 362 2974 ao
373 2910 449 2974 dein
465 2909 733 2991 Agamemnonis,
747 2911 855 2976 occisi
866 2912 910 2976 ab
925 2916 1094 2986 uxoresut
1104 2918 1139 2975 et
1152 2909 1253 2994 hujus
1263 2911 1340 2990 lilii,

218 2996 222 3008 ³
247 3011 390 3088 Orestis,
411 3012 453 3076 de
469 3013 592 3095 quibus
608 3014 763 3078 omnibus
784 3013 882 3095 longe
898 3012 1007 3095 plura,
1022 3013 1102 3076 licet
1124 3016 1340 3102 congruenti·

245 3114 310 3177 bus
323 3114 463 3178 summis
483 3132 587 3178 rerum
611 3115 655 3178 ab
671 3113 866 3179 Homericis
880 3112 1126 3177 narrationibus
1152 3108 1339 3196 aliquando

246 3215 470 3280 secedentium
495 3215 678 3298 capitibus,
693 3215 804 3287 refert,
826 3233 925 3297 quam
950 3213 1087 3291 Noster,
1098 3219 1136 3278 et
1156 3222 1268 3279 tamen
1290 3235 1339 3282 ex

247 3317 382 3400 Dictys,
397 3325 437 3381 ut
458 3315 580 3380 diserte
603 3315 781 3382 identidem
804 3317 864 3380 ait.
907 3314 995 3379 Vide
1018 3335 1054 3398 p.
1078 3317 1151 3380 lna
1165 3317 1208 3380 de
1228 3316 1339 3395 Circe,

246 3439 347 3504 quam
364 3419 490 3486 Noster
515 3417 595 3484 nihil
610 3417 712 3496 aliud,
728 3437 827 3502 quam
843 3417 1002 3492 nominat,
1017 3430 1053 3482 et
1067 3437 1101 3500 p·
1115 3418 1189 3482 155.
1208 3417 1282 3484 168.
1303 3426 1340 3486 el

247 3521 320 3586 172
366 3519 502 3586 Clarum
516 3539 563 3584 ex
574 3539 628 3596 eo,
639 3520 799 3584 habuisse
809 3519 950 3586 Graecos
959 3519 1162 3600 posteriores
1176 3518 1249 3597 illa,
1258 3539 1339 3603 quae

248 3621 393 3704 Dictyos
407 3621 540 3684 nomine
561 3620 709 3698 laudant,
729 3639 797 3686 uon
820 3639 865 3684 ex
888 3625 1003 3684 nostro
1022 3619 1203 3702 Septimio,
1216 3621 1278 3691 sed
1290 3641 1340 3689 ex

249 3721 372 3788 Graeco
388 3721 520 3803 Dictys,
535 3739 629 3804 quem
643 3721 756 3802 ipsum
771 3722 871 3785 vertit
885 3719 1004 3785 Latine
1017 3720 1217 3802 Septimius,
1228 3727 1261 3787 et
1273 3723 1340 3790 hac

248 3823 283 3886 in
305 3829 408 3906 parte,
425 3841 501 3905 quur
528 3822 570 3886 de
601 3821 708 3889 reditu
731 3821 929 3888 Graecorum
956 3821 1090 3910 agebat,
1115 3825 1281 3889 conuexit
1304 3827 1341 3893 in

248 3925 437 4008 Epitomen,
452 3928 485 3986 et
505 3923 581 3988 ideo
602 3923 724 4000 minus,
746 3924 836 4008 quod
860 3923 904 3988 ad
926 3922 1019 3988 iilum
1038 3921 1202 3992 Historia
1224 3933 1261 3992 et
1282 3946 1339 3994 ses

249 4027 327 4092 riom
343 4043 465 4100 rerum,
480 4043 554 4088 cum
571 4023 696 4090 Malaia
709 4030 745 4089 et
759 4025 911 4090 Cedreuo
928 4025 1006 4089 istic
1020 4024 1181 4106 congruit

294 4143 395 4190 xxii·
412 4126 482 4192 ista
496 4131 609 4192 autem
624 4129 760 4194 uberius
771 4128 873 4212 paulo
886 4134 922 4192 et
931 4125 1103 4209 copiosius
1114 4124 1342 4195 demonstrare
1430 4193 1436 4205 ,
