2959 4875
253 302 297 367 ΒΞ
515 320 594 369 ruo.
617 320 810 369 ruurnorrrr
836 318 1086 371 nrusuarurro

254 462 425 545 proprium
439 462 625 539 convertit,'
650 462 713 527 boc
729 472 795 540 est,
810 482 940 529 omnem
959 464 1032 548 ojus
1052 484 1124 529 rem
1145 463 1343 529 familiarem

254 580 313 645 per
327 562 438 625 scelus
453 562 519 625 sibi
534 562 701 627 vindieat:
725 582 802 627 narn
826 564 940 628 omnia
960 565 1037 648 intio
1051 565 1209 647 findigne
1224 563 1342 648 rapta'
1395 585 1399 593 ·

253 683 333 727 mox
348 664 512 727 dicuntur.
558 664 660 727 Plane
683 668 719 727 ut
734 664 849 729 Graeci
864 661 937 727 dm
950 672 986 729 ot
1007 662 1096 727 οἰκίκο
1110 684 1150 729 eo
1169 684 1269 729 renen
1285 664 1345 730 ad·

253 764 368 828 hibere
384 770 463 829 sunt
486 766 589 829 soliti.
635 764 724 829 Ibid.
749 765 858 829 ‘Cum
883 766 1050 831 obstinate
1068 767 1101 830 bi
1123 768 1210 847 regie
1225 785 1345 830 necem

255 864 487 942 defenderent,’
501 866 565 931 hoe
586 873 650 943 est,
676 866 930 931 ulciscerentur:
952 886 1031 931 narn
1054 886 1116 930 rex
1136 867 1211 951 jam
1234 886 1345 931 cursus

253 974 334 1029 erat.
378 965 534 1033 Groecum
555 968 617 1031 fnit
637 964 808 1046 ἀμύνασθαι,
824 966 916 1049 qnod
937 986 1005 1031 uon
1030 966 1249 1032 ‘defendere'
1270 974 1345 1031 tan·

253 1076 324 1129 tum
341 1066 498 1149 aliquem,
509 1074 544 1131 et
556 1070 567 1100 ‘
578 1066 777 1149 propulsare
791 1067 835 1130 ab
849 1086 891 1129 eo
903 1065 1048 1143 malum:
1061 1066 1122 1130 sed
1136 1076 1174 1131 et
1188 1067 1346 1131 ‘ulcisci'

253 1173 358 1232 notat.
373 1187 449 1251 cap.
458 1168 490 1231 6.
506 1166 703 1231 ‘conducto
718 1165 892 1244 Concilio,'
907 1167 1040 1243 (ἔσωσε,
1054 1164 1227 1251 σοκκγκγοὶο
1240 1169 1345 1243 ἐκκλη-

254 1265 331 1345 σῐκκ,
346 1266 532 1353 συναχθείσης
545 1267 710 1343 ἐκκλησίας.
756 1269 803 1332 Et
817 1270 867 1332 sic
884 1288 961 1351 cap.
972 1269 1004 1333 8.
1020 1269 1148 1333 ‘Senos
1162 1267 1346 1345 conducit,’

254 1367 370 1452 συνάγοι
393 1369 456 1445 τοὺς
476 1366 692 1453 πρεσβυτέρους,
718 1371 771 1434 vel
790 1371 854 1443 τοὺς
874 1369 1022 1455 Γέροοτας.
1045 1390 1074 1433 c.
1091 1371 1145 1433 14.
1167 1369 1344 1434 ‘Achilles

253 1469 350 1534 Pelei
369 1480 404 1535 et
424 1470 600 1546 Thetidos,
626 1488 703 1551 quae
722 1489 768 1533 ex
790 1471 929 1535 Chirone
944 1472 1117 1536 dicebatur
1127 1470 1147 1535 :'
1169 1471 1345 1535 omissoin

253 1571 420 1653 prioribus
449 1568 581 1648 ‘filius,'
602 1569 691 1653 quod
712 1570 857 1648 Graecis,
883 1573 941 1653 qui
962 1572 1116 1648 articulo,
1140 1592 1207 1655 quo
1229 1578 1347 1637 carent

253 1672 375 1750 Latini,
390 1672 424 1736 id
448 1672 631 1752 designant,
646 1678 700 1737 est
722 1670 1033 1755 frequentissimum,
1047 1674 1135 1737 unde
1157 1673 1194 1737 id
1218 1672 1348 1736 Noster

253 1793 388 1857 quoque
415 1774 543 1849 habuit,
558 1772 615 1855 qui
638 1775 768 1856 passim
785 1775 834 1838 ita
855 1780 977 1857 praeter
996 1793 1121 1839 morem
1137 1774 1346 1846 Latinorum.

254 1876 312 1939 Sin
328 1892 350 1937 1.
368 1877 397 1939 Ι.
421 1874 612 1957 ‘Clymenae
634 1880 668 1938 ot
693 1874 837 1957 Nauplii
863 1874 1084 1940 Palamedes!
1109 1892 1150 1939 n.
1165 1876 1218 1941 11.
1242 1872 1348 1937 ‘Sar-

252 1975 364 2058 pedon
390 1974 521 2039 Xantbi
546 1982 581 2038 et
609 1975 826 2053 Iraodamiee,¹
855 1993 905 2039 ιν.
922 1977 974 2042 18.
997 1976 1175 2041 ‘Helenus
1198 1975 1347 2051 Priami,'

254 2085 357 2159 atque
369 2076 462 2140 alibi.
485 2076 677 2142 Posteriora
688 2078 773 2141 certi
788 2087 865 2141 eunt
879 2077 1067 2154 Graecismi,
1079 2086 1114 2141 et
1128 2078 1235 2143 solitar
1247 2077 1348 2142 Grae-

253 2177 304 2241 cis
319 2177 489 2261 ellipseos,
505 2179 564 2255 ἥτις
585 2180 616 2239 ἐκ
631 2176 764 2264 Χείρωνος
785 2176 910 2263 ἒλίγοσο,
937 2180 1069 2244 scilicet
1090 2175 1173 2256 odra,
1194 2179 1259 2243 boc
1280 2186 1349 2257 ert,

252 2277 373 2362 ‘quae,'
393 2300 458 2345 non
478 2300 521 2345 ex
539 2280 660 2357 Nereo,
675 2288 712 2346 ut
726 2282 825 2363 volgo
839 2282 953 2360 fertur,
968 2282 1028 2345 sed
1051 2284 1163 2345 verius
1184 2285 1250 2345 ‘ex
1265 2280 1350 2345 cni-

249 2400 332 2446 ,rone
358 2382 553 2460 dicebatur,'
581 2390 666 2447 orta.
709 2383 831 2448 Possis
860 2386 961 2449 etiarn
982 2384 1032 2448 ita
1054 2384 1224 2467 accipere,
1245 2384 1349 2467 qnasi

253 2480 373 2546 Graeco
389 2483 520 2560 suisset,
535 2487 583 2557 τῆς
598 2485 630 2543 ἐκ
641 2481 775 2566 Χοίροκος
790 2481 973 2567 καλουμένης,
986 2505 1046 2549 seu
1066 2482 1228 2568 λκγομέοης,
1243 2491 1347 2567 ‘q'uae

253 2602 274 2647 a
300 2582 447 2673 Chirone!
468 2584 786 2666 cognominabatur,’
815 2585 878 2649 boe
906 2593 970 2662 est,
991 2585 1165 2649 dicebatur
1187 2584 1348 2649 Chironis

251 2684 329 2748 filia.
374 2685 432 2749 Sic
454 2685 544 2770 apud
563 2686 704 2750 Dionem
721 2686 878 2750 Cassium
900 2688 958 2751 lib.
976 2703 1066 2750 bvti.
1092 2687 1139 2748 τὸν
1156 2683 1279 2770 Τιβέριον
1292 2685 1347 2747 r'rrr'

252 2789 337 2862 αὐτῆς
353 2785 556 2862 animatas,
579 2785 774 2850 ‘Tiberium
789 2789 1019 2870 cognominari
1040 2807 1084 2851 ex
1099 2787 1162 2864 ea,'
1177 2803 1238 2852 seu
1254 2787 1371 2854 ‘dici

251 2887 323 2970 ojus
349 2887 457 2950 Liviae
486 2885 613 2951 tilium?
655 2886 827 2952 Plutarch.
857 2888 900 2952 de
924 2886 1056 2951 Mulier.
1078 2887 1223 2964 Virtute,
1245 2887 1348 2951 ‘Lex

251 2995 324 3053 erat
347 2987 520 3064 XanthiiS,
541 2991 580 3068 μὴ
603 2987 747 3072 πατρόθεν,
767 2988 837 3050 ἀλλ’
858 2988 912 3050 ἀπὸ
934 2989 1036 3073 μητρὸς
1055 2986 1253 3072 χρηματίζειν,
1267 3008 1306 3051 ne
1321 3010 1348 3053 a

252 3096 356 3172 patre,
370 3090 429 3153 sed
449 3109 470 3154 a
486 3097 587 3154 matre
602 3087 932 3171 cognominarentur:
947 3090 1011 3152 boc
1026 3096 1089 3166 est,
1103 3095 1140 3154 nt
1154 3108 1266 3154 eorum
1281 3109 1347 3153 no-

252 3191 334 3254 mini
356 3190 541 3268 adderetur,
555 3211 618 3256 non
634 3191 732 3274 cujus
755 3192 871 3274 patris,
889 3190 949 3255 sed
973 3191 1072 3272 cnjus
1092 3191 1207 3254 matris
1228 3199 1348 3256 essent

252 3293 324 3356 filii·
346 3293 501 3357 AElianus
514 3310 596 3356 viil.
607 3294 640 3355 5.
654 3290 703 3372 ἄρ’
718 3285 755 3352 dr
766 3296 796 3353 αἱ
811 3292 916 3353 δώδεκα
928 3290 1023 3364 πόλεις
1038 3288 1203 3367 ὄκλῆθησαν,
1217 3294 1347 3374 ‘aqui-

252 3395 315 3458 bus
328 3410 398 3457 xrr.
414 3395 483 3459 iilae
505 3396 604 3458 nrbes
618 3393 889 3476 appellabantur:
905 3392 982 3456 dnm
999 3392 1129 3457 seilicet
1143 3391 1212 3455 iliae
1228 3394 1346 3470 urbes,

251 3513 314 3558 suo
334 3497 470 3576 proprio
485 3496 615 3558 nomine
636 3493 799 3576 praeditae,
821 3495 922 3576 vulgo
936 3495 1037 3557 etiam
1060 3493 1255 3558 dicebantur
1268 3493 1348 3558 ilio·

251 3615 322 3659 rum
335 3613 412 3658 esse
427 3594 604 3659 bominum.
639 3594 726 3657 Ibid.
747 3594 950 3660 ‘Medicinae
964 3592 1065 3658 artis'
1079 3594 1114 3656 iu
1129 3593 1194 3658 boo
1205 3600 1345 3660 anctore

251 3697 294 3760 ad
311 3695 535 3761 Gracismum
555 3695 667 3778 potins
690 3696 811 3772 resero,
827 3716 926 3777 qnam
948 3715 1026 3760 curn
1041 3694 1204 3777 Scioppio
1218 3695 1261 3758 ad
1277 3696 1345 3760 Ar-

252 3798 456 3862 obaisrnum.'
470 3794 601 3860 Graecis
613 3795 738 3879 Ἰατροκὴ
751 3793 838 3880 τέχνη
854 3796 984 3861 dicitnr.
1008 3811 1048 3859 11.
1056 3797 1089 3858 5.
1103 3793 1158 3858 ‘N
1159 3815 1201 3858 on
1213 3795 1344 3860 alienos

251 3897 379 3979 generis
395 3893 469 3972 sui:
481 3901 514 3958 et
527 3913 575 3958 vr.
591 3897 621 3960 7.
644 3895 845 3960 ‘Assandro
861 3915 927 3960 non
943 3896 1054 3960 alieno
1074 3894 1190 3958 Pelei!
1233 3895 1344 3960 Plane

250 3999 299 4062 uti
314 3997 405 4080 apud
429 3994 570 4060 Graecos
592 4015 668 4061 cum
689 3996 756 4060 boo
777 4015 859 4060 casu
882 3997 1086 4060 construitur
1110 3995 1142 4057 rt
1168 3993 1345 4078 Ἀλλόοροος.

251 4117 326 4181 cap.
344 4100 394 4162 15.
417 4096 537 4162 ‘Nihil
560 4094 857 4173 summetueutem,'
884 4095 1016 4173 Graece,
1039 4095 1111 4158 aab
1135 4094 1346 4176 ὑποδεδοικότα,
