2959 4875
567 350 618 403 ιιι,
642 348 856 411 nupserant.
1191 338 1257 403 357

164 493 300 559 iuventa
313 512 377 559 sua
389 492 535 558 efflictim
550 496 653 559 amet:
677 492 797 559 Poiitte
820 492 986 577 inprimis,
1001 496 1089 557 utet
1103 490 1258 557 Philoso-

164 595 251 679 phun
267 600 415 675 testatur,
437 595 538 668 πάντες
559 596 695 677 ἀγαπῶσι
719 598 834 676 μᾶλλον
856 596 896 655 roi
915 597 1005 657 αὐτῶν
1025 591 1108 677 ἔργα,
1123 589 1217 677 ὥσπερ
1231 598 1257 656 oi

162 696 251 780 γινιῑς
273 696 323 759 και
347 701 372 759 ιι
394 694 516 773 recurat.
562 695 742 763 Fortunam
767 697 851 761 lrano
880 694 991 761 Poiitu
1009 701 1133 772 noster,
1156 714 1256 777 quem

163 815 253 861 nuno
268 798 331 861 tibi
346 798 475 875 damus,
490 798 653 862 benevole
669 799 799 874 Lector,
818 799 988 863 homiuum
1002 796 1124 881 injuria
1137 796 1256 861 neseio

48 982 49 987 ἵ
163 916 207 963 an
221 899 348 963 incuria
362 918 487 983 passus
497 901 559 966 sit:
582 899 762 964 nominaliu
782 898 876 963 illius
898 902 1036 975 mutata,
1052 897 1165 962 debita
1179 896 1255 963 laur

162 998 332 1064 oblivione
346 1006 496 1078 tenuata,
510 1007 543 1065 et
558 1006 596 1065 ut
609 999 789 1065 eorundem
807 1000 982 1065 Musarum
993 999 1178 1085 symmista,
1192 997 1256 1063 for·

160 1104 251 1163 tasse
265 1100 362 1165 etium
375 1097 746 1187 ιιῆχριιιςθιιιιιιιιιιιε,
761 1101 844 1184 quin
854 1102 1048 1185 ligurinum
1058 1100 1252 1183 scripserat,

160 1198 270 1265 suctus
291 1206 346 1265 est
362 1202 564 1285 Ligurinum
585 1203 636 1269 sie
655 1202 797 1279 Noster,
810 1206 869 1287 qui
883 1211 955 1269 erut
968 1201 1142 1285 losephus
1159 1199 1255 1265 Isou·

161 1318 237 1378 uus,
245 1300 419 1369 Cornelius
433 1304 550 1388 Nepos
563 1305 674 1370 fectus
687 1312 752 1384 est,
762 1305 844 1388 quia
854 1305 1034 1388 Nepotem,
1047 1303 1118 1388 qui,
1127 1308 1168 1365 ut
1178 1300 1254 1383 opi·

159 1403 215 1467 uio
230 1406 449 1487 quorumdam
459 1415 523 1485 est,
532 1406 690 1473 Daretem
702 1405 828 1472 Latino
837 1415 930 1473 veste
940 1404 1106 1480 induerat,
1121 1405 1155 1467 in
1163 1398 1254 1465 Poli-

159 1506 189 1567 sl
205 1525 269 1572 sue
284 1515 423 1573 secutus
443 1514 522 1573 erat.
567 1508 722 1575 Suboluit
742 1508 946 1590 quibusdam
961 1510 991 1571 ot
1007 1508 1077 1591 χιις
1098 1504 1148 1567 και
1161 1500 1253 1586 rpem

158 1625 227 1672 nou
238 1628 313 1673 esse
327 1610 411 1674 huno
427 1608 595 1694 Nepotem
609 1610 715 1688 illum,
730 1610 788 1694 qui
802 1628 906 1675 ausus
922 1618 995 1675 erat

461 1710 559 1777 Unus
572 1711 736 1776 Italorum

330 1812 439 1877 Omne
454 1832 565 1879 arvum
579 1814 685 1878 tribus
700 1813 874 1895 explicere
891 1814 1023 1879 ulrurtis.

1334 1086 1356 1140 t(

199 1913 296 1980 Alios
311 1922 419 1979 tumen
433 1915 524 1993 novi,
540 1915 601 1999 qni
620 1914 703 1979 illud
728 1921 891 1979 assonam
915 1915 1028 1980 ibent:
1049 1916 1176 1999 quippe
1189 1918 1250 1982 nil
1336 1938 1353 1965 ·

157 2034 234 2081 cum
249 2037 315 2082 suo
334 2014 374 2081 G.
390 2014 554 2081 Sallustio
576 2017 745 2095 inscribet,
766 2036 840 2082 oum
855 2015 1000 2081 Athenis
1023 2017 1137 2082 Darou
1153 2022 1251 2101 repe·

155 2119 249 2197 risse,
265 2119 420 2195 vertisse,
434 2136 496 2182 suu
509 2126 639 2183 asserat
659 2118 815 2203 epistola.
834 2113 857 2179 ri
872 2117 995 2197 βιιωιοὶ,
1009 2120 1046 2193 ὥς
1063 2117 1171 2205 σφόδρα
1185 2118 1249 2182 lrrl

154 2217 285 2296 βιιιιτιιι
311 2220 449 2285 credent
471 2219 520 2284 illi
542 2228 576 2285 et
588 2219 737 2286 fruantur
751 2239 816 2284 suo
831 2238 948 2298 errore,
970 2221 1249 2287 mihitaliucam·

155 2342 210 2404 poe
224 2322 315 2387 Solis
328 2326 361 2386 et
375 2321 491 2387 Naevii
508 2321 714 2386 Buttubatta.
759 2320 996 2387 contradicunt
1007 2322 1128 2404 stylus,
1138 2322 1249 2385 imita·

154 2424 214 2501 tio,
224 2429 258 2489 et
271 2422 507 2508 αιτηᾶγγελτις
522 2423 608 2506 ipse,
624 2423 740 2507 quide
755 2422 900 2502 Nerone,
909 2422 950 2488 de
965 2420 1155 2489 Christiana
1168 2422 1247 2501 tide,

154 2525 196 2590 de
209 2523 420 2612 μιταιιτιχνιᾳ
443 2525 665 2602 oraculorum,
688 2524 730 2589 de
749 2522 1078 2610 Artlruroinsporgit.
1122 2525 1163 2590 Iu
1177 2543 1247 2590 reur

155 2627 290 2709 quidem
314 2629 383 2694 istu
405 2629 499 2704 satis,
522 2645 642 2690 nomen
667 2632 779 2690 tumen
801 2628 836 2690 iu
858 2626 1045 2710 quaestione
1059 2632 1141 2704 erut,
1156 2626 1246 2709 quod

154 2747 213 2792 neo
228 2729 299 2794 Soli
308 2727 524 2814 querendum
537 2727 702 2804 clarente
716 2745 841 2805 manes,
855 2733 896 2791 ut
908 2726 966 2792 ille
980 2725 1135 2803 Homeri,
1149 2727 1247 2791 inter·

152 2846 279 2912 rogere,
293 2849 393 2895 ueou
414 2829 515 2894 nostri
538 2829 657 2894 saeoull
672 2824 848 2911 roavpatirr
863 2829 991 2904 discere
1011 2829 1119 2911 potui.
1159 2828 1247 2890 ‘ob

151 2929 244 3016 ἅγιιις
259 2931 423 3010 Ceselins,
437 2951 506 2996 rem
522 2929 603 2995 milri
623 2931 821 3015 expeditum
844 2930 1080 3014 promittebat:
1107 2929 1169 2994 sed
1183 2930 1246 2994 im·

151 3033 297 3116 peditum
311 3034 454 3117 reliquit.
499 3033 698 3099 Documenti
714 3030 795 3097 mihi
809 3031 952 3115 paginus
973 3030 1114 3116 aliquot,
1134 3027 1244 3110 rixetur,

150 3133 244 3218 quod
260 3135 362 3214 aiunt,
384 3139 398 3196 ι
419 3134 540 3221 prims,
555 3135 619 3198 sub
630 3135 749 3198 umbra
763 3153 800 3198 se
814 3135 911 3198 risus
923 3132 1179 3198 estostendere:
1195 3132 1245 3196 ait

151 3235 239 3301 euim
253 3252 294 3300 ιι.
408 3283 410 3290 ,

366 3337 400 3402 N
402 3357 445 3402 οιι
460 3343 575 3402 nostra
590 3338 764 3403 Britannia
777 3335 942 3402 Rhenum.

194 3438 297 3518 Quod
313 3458 393 3521 ergo
410 3440 550 3523 pensius
565 3437 747 3505 aestimanti
762 3437 899 3502 unicum
913 3442 1097 3520 supererat,
1112 3437 1243 3510 Britun÷

149 3559 268 3606 uorum
278 3541 415 3618 rudera,
425 3544 589 3619 serutu,et
602 3539 763 3625 quioquid
778 3538 908 3604 illomm
921 3545 1151 3617 nactuseruru,
1163 3557 1244 3604 oon·

147 3643 193 3709 lis
218 3641 443 3720 decurrebum,
465 3641 609 3728 aliquem
635 3661 780 3725 sperans
801 3641 893 3706 itlius
919 3641 1035 3705 honori
1056 3645 1092 3704 et
1119 3641 1243 3705 nomint

148 3751 424 3820 assurrectumm,
449 3763 527 3808 nam
551 3755 591 3809 ut
611 3743 837 3809 Philostratus
858 3742 904 3808 od
930 3741 1068 3807 Areum:
1092 3741 1178 3815 σοφοὶ
1191 3763 1242 3803 σι·

148 3847 216 3923 onir
228 3843 373 3922 σώζουσιν,
387 3839 424 3906 ιιι
435 3839 501 3906 ὦσιν
514 3845 610 3922 raoni.
655 3847 723 3912 Sed
735 3846 800 3909 nisi
814 3844 916 3928 plane
927 3842 1112 3907 luscitiosiu
1121 3849 1156 3905 et
1166 3839 1244 3904 Ho-

147 3949 283 4018 mericis
296 3947 407 4012 oculis
420 3965 502 4011 usus
524 3965 611 4026 sum,
634 3946 758 4014 lmstra
778 3945 826 4010 ibi
840 3938 902 4008 fui.
945 3943 979 4008 Δ
994 3942 1162 4008 veteranis
1176 3943 1241 4005 itu·

148 4071 214 4135 que
236 4051 280 4116 ud
303 4050 507 4116 luculentum
535 4048 626 4112 illum
654 4046 835 4114 Gornbdeni
860 4045 1068 4110 Britanniam
1098 4043 1239 4110 divorti:

148 4152 269 4220 exinde
281 4152 404 4220 mentis
414 4170 499 4218 mere
515 4149 675 4230 habitum,
690 4157 728 4216 ut
742 4147 798 4216 ille
812 4148 872 4227 alt,
889 4145 1011 4230 gaudio
1025 4145 1240 4231 splenduisse
