2959 4875
399 321 594 371 nonanto
616 321 788 375 nuorsro
813 323 885 373 nra.
909 324 935 371 r.
1169 310 1214 375 99

123 480 223 547 qaam
237 460 372 527 Cretam
385 464 518 529 nuntius
535 464 638 543 venit,
652 472 688 529 et
699 471 843 543 enneae
864 476 943 549 quae·
956 466 999 531 ab
1015 464 1210 533 Alexandro

122 562 281 625 adversus
308 564 443 627 domum
465 564 612 629 Menelai
639 568 819 631 commissa
843 575 949 644 erant,
980 569 1119 651 aperuit,
1151 588 1212 649 per

123 681 250 726 omnem
263 665 422 742 insulam,
446 666 536 729 sicut
554 666 588 730 in
602 666 662 731 teli
675 686 710 729 ro
725 667 796 731 fleri
811 673 927 743 amat,¹
946 666 1035 731 fama
1050 669 1083 731 in
1104 668 1212 750 majos

123 762 325 845 divulgatur:
347 771 572 848 expugnatam
587 768 712 850 quippe
733 767 868 831 domum
882 768 979 849 regis,
993 786 1211 849 eversumque

123 880 264 943 regnum,
285 871 320 927 et
333 864 403 928 alia
416 866 453 927 in
468 865 571 931 talem
588 865 722 931 modum
746 867 867 948 singuli
889 865 1107 931 disserebant.
1150 864 1212 947 [4.]

124 958 256 1037 Quibus
269 964 415 1045 cognitis
427 962 616 1041 Menelaus,
629 968 693 1030 etsi
705 966 884 1031 abstractio
899 966 1052 1049 conjugis
1064 968 1211 1030 animum

123 1069 335 1142 permoverat,
363 1063 472 1127 multo
495 1062 641 1146 amplius
666 1065 776 1129 tamen
802 1067 847 1129 ob
874 1065 1028 1150 injuriam
1053 1066 1210 1147 affinium,

122 1181 204 1243 quas
225 1180 328 1247 snpra
343 1164 613 1242 memoravimus,
636 1165 915 1231 consternabatur.
958 1163 1008 1230 At
1028 1167 1087 1229 ubi
1108 1168 1210 1231 anim-

122 1262 263 1327 advertit
281 1263 494 1342 Palamedes,
519 1283 631 1345 regem
652 1264 703 1328 ira
724 1272 828 1348 atque
849 1265 1073 1348 indignatione
1096 1272 1212 1350 stupe·

19 1449 20 1458 ἵ
121 1364 257 1442 tactum,
282 1365 425 1430 consilio
447 1365 629 1445 excidisse,
650 1366 724 1449 ipse
739 1386 843 1431 naves
865 1376 973 1449 parat,
997 1374 1098 1451 atque
1120 1372 1211 1433 omni

123 1465 334 1554 instrumento
346 1465 554 1549 compositas
568 1473 663 1532 terrm
685 1467 845 1550 applicat·
890 1468 978 1531 Dein
991 1474 1210 1551 protempore

122 1585 225 1649 regui
240 1568 384 1631 breviter
398 1566 607 1643 consolatus,
619 1567 743 1649 positis
757 1565 856 1631 etiam
868 1585 911 1629 ex
926 1564 1210 1652 divisione‚¹³·qnae

122 1666 156 1730 in
169 1668 231 1731 tali
241 1669 377 1751 negotio
384 1668 604 1751 patiebatur,⁴
614 1684 733 1732 narem
746 1667 928 1732 ascendere
936 1667 1037 1733 lacit:
1050 1670 1151 1749 atque
1164 1670 1212 1733 ita

122 1768 231 1859 ventis
245 1787 291 1832 ex
313 1769 478 1834 sententia
499 1768 667 1846 dantibus,
688 1770 808 1853 paucis
828 1768 949 1833 diebus
968 1767 1122 1851 Spartam
1138 1788 1212 1852 par·

122 1888 250 1934 venere.
293 1870 346 1934 Eo
357 1869 431 1953 jam
444 1868 670 1952 Agamemnon
686 1866 720 1935 et
735 1868 870 1946 Nestor,
884 1888 1068 1954 omnesque
1082 1868 1154 1953 quii
1168 1864 1211 1934 es

123 1972 244 2053 origine
260 1971 398 2056 Pelopis
421 1973 457 2035 in
477 1970 613 2036 Graecia
634 1972 825 2052 regnabant,
847 1971 987 2053 cognitis
1009 1972 1109 2039 rebus
1132 1990 1212 2037 con-

122 2062 296 2136 fluxerant.
338 2072 448 2153 Igitur
469 2076 647 2155 postquam
672 2070 862 2135 Menelaum
888 2070 1067 2137 advenisse
1089 2072 1211 2150 solunt,

123 2192 235 2237 omnes
256 2174 291 2237 in
312 2192 415 2237 unum
437 2158 571 2237 sosani.
606 2170 651 2234 Et
671 2189 858 2253 quanquam
882 2172 1042 2235 atrocitas
1064 2164 1146 2236 sacti
1169 2170 1212 2233 ad

122 2273 393 2356 indignationem,
425 2271 600 2354 ultumquo
633 2268 799 2353 injurias¹¹
830 2272 993 2354 rapiebat,
1025 2276 1136 2334 tamen
1166 2288 1212 2333 ex

123 2374 254 2439 consilii
278 2374 443 2439 sententia
462 2373 615 2455 legantur
634 2371 730 2464 prius
754 2370 797 2435 ad
818 2367 975 2453 Trojam¹
1001 2369 1211 2448 Palamedes,

574 2551 755 2580 ooeooeemn

122 2674 230 2736 qam-⁴
246 2669 342 2735 Delpb.
353 2669 485 2733 pulsa...
493 2669 644 2735 potiebantur
654 2665 1003 2733 vinding.partlelostur.-d
1021 2665 1212 2730 nequitque.

615 2845 723 2896 NOTAE

154 2940 547 3010 'Obuudtdlammllald
563 2941 649 3006 Supra
689 2956 748 2992 near
775 2941 926 3005 injuriarum
952 2937 1081 3004 rapiebat.
1113 2940 1211 2992 Tamen

124 3039 156 3073 ea
176 3021 284 3086 Hygino
304 3019 414 3068 vidimus
431 3031 477 3067 eas
495 3017 604 3066 Helena
620 3017 648 3066 ln
688 3017 813 3081 ejusmodi
828 3018 950 3080 exempla
959 3015 1072 3080 reperiar
1086 3017 1155 3081 apud
1166 3009 1212 3067 bo·

130 3101 280 3148 unitatem
313 3095 459 3144 acastors
486 3099 514 3141 et
541 3092 648 3142 Polluce
688 3097 873 3148 noaauetores,
888 3091 934 3141 sed
951 3091 1098 3156 qnanolirn
1116 3093 1212 3155 reples

126 3175 197 3223 datas
218 3170 310 3220 taius.
341 3168 417 3218 idem
436 3166 649 3232 Apollodornade
686 3165 793 3216 imitari.
952 3207 954 3212 .

126 3251 221 3300 labra.
718 3239 860 3302 megarae
867 3240 972 3304 priaard
983 3240 1089 3304 mosa]
1104 3241 1211 3291 Certum

154 3323 247 3376 artari
257 3321 334 3384 m]
351 3320 393 3369 lta
400 3318 428 3368 io
436 3319 501 3368 llas.
511 3317 582 3368 ldale
591 3330 649 3368 eor·
688 3312 1211 3380 ertetPalamedem,Ulysaem,etMene·

128 3413 242 3452 maeres
257 3397 397 3448 ediderunt
413 3394 510 3445 ‘ulae'
534 3389 648 3443 ‘Amat'
687 3397 756 3446 laum
767 3395 800 3444 ad
810 3393 915 3457 Trojanr
927 3393 1212 3456 legatos,asdble1lie·

127 3478 258 3540 eleganter
266 3469 428 3524 dieltmaie
440 3467 538 3518 orsa·
548 3469 621 3529 φιλεῖ.
688 3478 729 3535 tyr
751 3469 854 3520 videtur
876 3469 982 3519 innuere
1006 3469 1127 3533 Ulyssem
1154 3485 1212 3522 cnm

156 3542 527 3606 *Pmoun-assason]
543 3543 650 3603 Positis,
687 3544 1212 3609 alilaflpartarnconvenisse,qnodialsnrr

128 3629 240 3678 lanam
255 3625 366 3677 sellium.
403 3620 486 3685 ΔΜ
502 3619 590 3681 cange
607 3631 650 3668 aar
689 3627 746 3670 eat:
770 3634 828 3670 narn
846 3617 973 3669 Homeros
990 3627 1018 3669 et
1034 3620 1077 3670 alti
1094 3628 1213 3672 auctores

130 3704 299 3754 iareim
689 3694 1212 3758 traduntAgamemnonemetlteuelaum

160 3779 305 3840 wama·
317 3772 373 3838 gas]
389 3773 430 3823 lle
447 3770 551 3833 regibus
568 3770 649 3821 Aebi-
689 3771 717 3821 ln
735 3769 843 3818 insulam
860 3768 976 3818 Ithacam
992 3768 1024 3817 ad
1038 3767 1156 3833 Ulyssem
1170 3783 1213 3820 rs·

134 3867 232 3904 amar:
247 3851 308 3901 ride
319 3847 417 3912 Hygia.
687 3845 766 3906 uisse,
777 3849 807 3893 ut
817 3857 874 3893 enm
886 3842 935 3892 sibl
946 3842 1045 3892 militia
1056 3857 1109 3892 aum
1117 3845 1213 3892 socium

133 3956 136 3965 ·
161 3921 430 3990 *Umqaaa'ay'ariad
446 3921 557 3972 Plaraatn
567 3927 650 3970 ronta·
688 3921 853 3972 adsument.
885 3917 984 3968 ldearn
995 3924 1126 3967 recusaret
1137 3916 1213 3981 lllyr-

135 4002 179 4063 rlt,
204 4002 324 4068 raplebat
341 3999 374 4050 ad
396 3997 603 4061 ludigaationem
623 4001 651 4046 st
690 3994 875 4057 maturantem
891 3991 1012 4043 simulans
1028 3992 1157 4056 ratemque
1174 4005 1214 4042 aa·

135 4079 338 4142 rapiebatoltmn
357 4074 479 4139 injurias:
496 4072 542 4123 sed
561 4073 651 4122 melina
690 4084 824 4136 ranaeque
833 4075 859 4119 et
868 4066 973 4118 boread
985 4071 1099 4116 aratrum
1104 4067 1214 4132 juncus,

134 4153 245 4221 dixisset,
255 4153 298 4206 Ad
315 4151 519 4217 indignationem
534 4157 562 4200 et
576 4149 655 4198 ultio·
691 4143 844 4196 Palamedes
873 4142 897 4193 ai
920 4141 1102 4192 Telemachum
1133 4141 1213 4194 tilium
