2959 4875
391 385 441 433 nn
465 384 644 433 ntsrosrr
670 384 780 433 netur
805 386 980 437 οιιοιιιιιι.
1187 370 1230 438 25

139 526 356 591 occasionem
373 526 557 609 arripuisse
584 527 716 592 videtur
739 528 810 605 ille,
835 549 894 593 sen
920 530 1053 607 Praxis,
1075 550 1134 594 sen
1164 530 1229 595 Eu-

139 626 307 709 praxides,
323 626 458 691 libellos
482 626 583 691 hosce
600 628 821 709 contingendi,
837 638 872 694 et
886 632 985 713 quusi
1006 649 1050 694 ex
1072 632 1228 713 sepulcro

138 729 362 811 antiquissimi
388 730 532 814 Dietyos
561 735 636 814 post
661 736 756 795 terrm
778 743 907 796 motum
931 732 1082 815 collapso
1104 739 1227 808 erutos,

137 827 332 893 vanissimo
355 828 518 912 Principi,
538 830 596 912 qui
619 830 728 895 Iliaca
757 833 904 895 maxime
928 842 1064 897 cantero
1085 834 1227 909 solebat,

136 930 239 1012 quiet
260 929 337 1012 ipso
350 930 476 993 Troica
492 932 637 1015 scripsit,
653 934 760 997 citato
773 934 900 1015 saepius
917 952 939 997 a
959 933 1077 998 Servio
1090 933 1133 997 ad
1149 931 1227 997 Vir·

134 1030 261 1111 gilium,
285 1030 320 1093 in
334 1030 471 1096 Graecia
486 1037 565 1096 tnnc
579 1030 749 1095 offerendi.
792 1033 904 1097 Terret
919 1039 1028 1097 antem
1043 1042 1155 1097 motus
1174 1053 1227 1097 re·

134 1150 210 1194 veru
223 1140 307 1195 tuno
330 1130 495 1196 afflixerat
506 1131 637 1196 Cretam
653 1132 790 1217 quando
804 1134 895 1198 Nero
910 1135 944 1197 in
959 1135 1119 1198 Achaiam
1132 1134 1227 1210 abiit,

133 1231 309 1313 siquidem,
330 1252 407 1296 eum
420 1233 618 1315 Apollonius
634 1234 791 1317 Tyaneus
814 1234 906 1317 apud
930 1234 1166 1299 Philostratom
1188 1236 1225 1297 in

133 1332 205 1414 ejus
220 1332 317 1409 Vita,
340 1332 398 1397 lib.
418 1340 475 1395 iv.
496 1352 571 1415 cap.
587 1333 639 1397 ll.
662 1342 698 1398 nt
717 1334 789 1416 jam
810 1336 937 1399 monuit
958 1334 1022 1398 Vir
1038 1335 1226 1399 eruditione

132 1434 231 1498 simul
246 1441 284 1497 et
297 1432 462 1515 dignitate
477 1433 686 1517 amplissima
702 1436 916 1518 conspicuus,
931 1434 1002 1499 Uir.
1024 1434 1224 1513 Obrechtus,

132 1554 175 1597 ex
194 1533 333 1599 Graeeia
352 1536 387 1597 in
401 1534 547 1610 Cretam,
570 1534 644 1616 ojus
669 1542 798 1599 tantum
821 1535 975 1599 videndae
999 1536 1116 1616 gratia,
1136 1540 1225 1599 esset

21 1638 22 1647 ’
130 1636 313 1717 proiectus,
334 1655 376 1700 ee
404 1635 480 1699 inde
507 1654 605 1718 porro
631 1634 778 1699 Roms‘m
807 1638 868 1701 iter
890 1641 1031 1719 pararet,
1052 1640 1122 1699 tum
1145 1655 1223 1701 vero

131 1737 245 1816 σεισμὸς
265 1734 419 1821 &Optimi
444 1736 538 1821 Κρῆτῃ
555 1734 730 1820 speeiem,
754 1744 873 1802 ‘torm
896 1745 1007 1803 molus
1034 1740 1223 1802 universam

129 1838 249 1902 afflixit
260 1838 394 1903 Cretum
411 1839 431 1917 ς’
456 1840 564 1916 etita,
587 1846 621 1901 nt
635 1840 733 1921 quasi
749 1841 872 1904 tonitru
893 1858 939 1903 ex
961 1848 1048 1904 terra
1061 1838 1221 1916 ederetur,

21 1938 22 1941 ’
129 1948 268 2005 etmare
288 1941 484 2005 subsideret.
531 1940 613 2004 lnde
628 1950 739 2005 autem
756 1940 900 2005 Romam
916 1940 989 2023 jam
1005 1940 1222 2016 contendens,

126 2043 159 2104 in
179 2060 256 2105 eam
276 2042 388 2106 urbem
405 2040 830 2124 venissediciturcsp.13.
872 2041 1031 2106 Telesino
1057 2041 1219 2120 Consule,

21 2154 22 2221 l
127 2141 182 2225 qui
198 2160 242 2205 eo
256 2160 344 2205 anno
360 2140 505 2205 Neronis
519 2143 652 2205 ineunte
667 2139 889 2206 Consulatum
903 2161 1018 2207 revera
1028 2143 1144 2225 gessit.

169 2258 220 2307 vr.
244 2242 304 2307 Sic
319 2247 432 2324 patere
440 2240 512 2325 jam
527 2248 623 2325 puto,
642 2242 783 2306 eundern
798 2242 903 2307 fuisse
918 2244 1056 2327 Dictyn,
1071 2248 1105 2308 et
1118 2262 1219 2327 quem

21 2404 22 2409 ,
125 2352 238 2407 noster
265 2344 449 2426 Septimius
469 2344 506 2406 in
527 2343 683 2407 Latinum
710 2345 811 2408 vertit
838 2363 1035 2421 sermonem,
1062 2350 1096 2409 et
1117 2363 1216 2428 quem

21 2422 22 2446 ³
125 2443 236 2510 Graeci
265 2444 464 2510 habuerunt.
507 2441 654 2509 Accedit
678 2443 732 2508 his
758 2463 848 2523 vero,
862 2446 961 2529 qnod,
984 2446 1083 2511 siouti
1107 2453 1220 2511 nostor

21 2547 22 2580 ³
124 2546 327 2628 opusculum
342 2546 406 2612 hoo
430 2547 574 2632 Dintyos
598 2551 699 2612 vocet
715 2545 938 2629 Ephemerida
959 2547 1048 2611 Belli
1069 2546 1219 2631 Trojani,

21 2661 22 2686 ³
123 2647 171 2710 sie
186 2653 221 2711 et
232 2647 362 2712 Suidas
374 2666 469 2713 sunm
483 2648 607 2730 lliotyn
618 2646 797 2729 scripsisse
807 2643 1084 2729 dieat'Eespspde
1095 2651 1218 2730 Τρωϊκοῦ

122 2745 288 2828 διακόσμου,
311 2748 461 2826 honest,
485 2747 728 2834 ‘Ephemen‘da
752 2768 860 2812 rernm
884 2747 976 2830 opud
990 2747 1125 2829 Cl'rojum
1141 2768 1218 2828 ges·

122 2850 252 2916 tarum?
296 2849 388 2915 Nam
403 2851 465 2914 vix
486 2851 615 2927 dubito,
630 2851 710 2933 quin
732 2850 825 2932 apud
854 2849 994 2914 Suidnm
1014 2848 1088 2912 nee
1103 2847 1217 2925 verba,

21 2929 23 2992 Ῠ
122 2949 227 3025 Διίιτοις
240 2951 395 3036 Ἰοτοριιιὸς
411 2949 533 3036 lypsius
547 2947 735 3034 'Etupspldsa
747 2950 808 3012 iore
819 2949 847 3012 li
859 2952 898 3011 sal
911 2946 974 3028 μεθ’
982 2947 1107 3033 Ὅμηρον
1121 2973 1216 3010 κατα·

121 3054 241 3138 λογᾶδηι
258 3053 286 3116 ir
301 3050 425 3131 βιβλίοις
441 3051 471 3114 θ’.
504 3054 647 3130 Ἰταλικοὶ,
663 3055 788 3134 Τρωϊκοῦ
802 3049 976 3124 diotimo:
991 3049 1135 3130 legenda
1149 3051 1216 3115 sint

21 3145 22 3176 ¹
121 3175 193 3220 oum
209 3154 354 3233 Allatio,
374 3161 406 3220 et
420 3153 651 3236 distinguenda
671 3171 750 3216 cnm
764 3151 951 3216 Obrechto:
974 3148 1081 3224 Δίκτυς
1095 3150 1215 3234 'losep-

21 3319 23 3348 ‚
121 3258 167 3328 ns
189 3255 318 3342 ἔγραψα
340 3253 513 3341 ’meppea
533 3252 609 3330 (οη.
634 3254 662 3316 rt
689 3257 728 3317 το
748 3252 806 3333 μοι
823 3256 899 3333 ομ.
921 3261 1031 3316 aava
1053 3253 1080 3312 ο
1100 3252 1165 3329 ee.
1179 3249 1213 3316 ι’.

21 3357 22 3398 l
118 3357 249 3442 ἰοιοκῆ
266 3363 391 3442 Τρωϊκοῦ
404 3353 570 3437 διακόσμου.
599 3353 845 3420 Purentheseos
858 3353 972 3430 istius,
989 3352 1061 3415 sive
1077 3353 1214 3435 abipso

119 3459 163 3522 sit
176 3459 297 3534 Suida,
312 3458 385 3523 sive
401 3457 445 3522 ab
460 3457 536 3521 aliis
546 3457 581 3520 in
596 3455 775 3534 marginem
790 3454 932 3536 primum
948 3471 989 3516 ae
1001 3452 1078 3515 dein
1091 3452 1126 3515 in
1142 3460 1215 3516 tex·

120 3567 188 3624 tnm
202 3560 316 3636 illata,
331 3558 519 3635 distinctio,
532 3558 622 3622 unde
634 3554 757 3638 pendet
771 3555 930 3636 genuinus
939 3553 1006 3618 loci
1017 3552 1216 3632 sensuade·

118 3661 224 3739 betur,
241 3670 281 3726 ut
306 3662 389 3738 dixi,
404 3660 527 3725 illustri
543 3657 724 3733 Obrechto,
746 3655 902 3738 quemad
926 3652 1112 3737 Epistolam
1128 3652 1214 3736 Sep·

120 3762 202 3826 timii
213 3762 316 3826 velim
331 3761 463 3827 videns.
507 3759 664 3825 Ceterum
678 3757 771 3841 qnod
793 3755 884 3838 apud
908 3753 1048 3819 Suidam
1069 3754 1213 3835 legimus

121 3861 245 3945 lliotyn
267 3868 412 3928 ‘novem
435 3861 551 3926 libris’
572 3862 644 3926 haec
666 3865 855 3931 executum,
878 3874 955 3919 eum
974 3855 1157 3938 Septimius
1178 3852 1213 3916 ei

122 3963 260 4028 tribuero
273 3965 432 4029 videatur
455 3961 592 4026 ‘decem
615 3959 739 4036 libros,'
760 3958 840 4022 dum
868 3956 1042 4038 ‘priorum
1059 3953 1214 4036 quinque

120 4063 322 4132 voluminum
337 4063 486 4132 eundem
509 4081 545 4128 se
565 4079 738 4128 numerum
752 4075 916 4134 servasse,
931 4055 1066 4122 residua
1076 4050 1085 4078 ’
1097 4062 1212 4122 antem
