2959 4875
375 384 427 437 nn
450 384 633 437 ursrouru
656 386 768 437 sunm
791 388 967 439 ruossur.
1169 375 1217 443 Ἃ

123 526 185 589 sibi
198 526 398 611 prescripto
413 527 448 593 in
461 526 582 610 vulgus
596 528 767 611 quondum
787 531 881 596 exiit
924 529 1059 616 Nempe
1079 531 1216 608 Suiclus,

122 626 293 691 lohannes
307 625 449 705 llulelu,
462 632 496 693 et
509 647 552 693 ex
566 648 606 693 eo
616 628 773 707 Tzetzes,
789 630 973 708 Gedrenns,
985 632 1120 716 aliique,
1128 652 1214 715 qnos

122 727 297 811 rideepnd
309 728 456 793 honum
471 726 631 793 Allutinm
647 728 689 793 de
705 730 823 796 Putria
838 730 982 796 Homeri
996 750 1074 815 peg-
1088 732 1142 797 bb
1151 735 1214 798 &u

123 846 159 893 eo
173 848 281 910 usque
294 828 394 893 nobis
410 829 611 911 praeiverunt
623 829 687 895 bec
713 831 751 895 in
770 833 946 910 sententie,
960 838 1000 897 ut
1013 832 1151 915 quidum
1169 853 1214 899 ex

124 928 162 993 iis
173 930 277 993 elium
295 928 478 993 Homerum
492 947 536 993 ex
558 929 616 994 illo
640 928 765 1013 Dictys
783 950 847 995 suu
860 932 1015 997 hausisse
1029 932 1216 998 offirmare-

123 1028 192 1093 rini.
237 1028 323 1093 lude
349 1048 427 1111 ergo
451 1035 485 1094 et
506 1028 651 1095 Vossius
675 1030 779 1095 Pater
802 1032 837 1095 in
861 1031 1046 1098 Historiois
1065 1033 1215 1113 Grecis,

18 1216 19 1219 Ἴ
124 1128 314 1212 Scriptores
336 1130 514 1213 quosdam,
539 1130 642 1214 inque
662 1131 706 1195 iis
728 1133 817 1197 hunc
841 1134 977 1217 Dictyn,
1000 1134 1043 1199 ed
1070 1134 1218 1220 Trojuuu

124 1236 277 1313 tempora
291 1232 400 1295 relert.
444 1230 513 1295 Sed
536 1240 571 1295 et
590 1231 663 1297 neo
678 1230 824 1297 Metius
838 1234 1006 1300 Graeculis
1027 1236 1113 1313 suis,
1126 1254 1217 1319 quos

124 1330 222 1395 nouo
237 1332 436 1408 memoravi,
450 1332 548 1395 nimis
569 1332 703 1397 facilem
727 1342 787 1399 eut
808 1335 981 1400 credulum
1003 1356 1040 1400 se
1060 1338 1217 1419 prebuit,

126 1432 321 1517 Dictynque
343 1435 431 1499 bunc
460 1454 536 1499 vere
561 1436 716 1503 ‘Troicis
742 1442 947 1524 temporibus
978 1440 1163 1523 aequulem,'
1185 1447 1221 1505 et

124 1532 200 1599 ideo
214 1534 384 1611 ‘Italicu,'
406 1554 484 1617 quse
501 1536 637 1617 vulgatu
652 1537 769 1602 Snidae
783 1538 882 1604 lectio
904 1541 955 1605 illi
973 1543 1099 1617 tribuit,
1114 1541 1220 1605 ‘scri-

124 1636 199 1699 bere
213 1654 280 1701 non
295 1636 470 1719 potuisse’
485 1638 667 1716 contendit,
682 1642 779 1703 ‘cum
794 1646 875 1705 tnnc
891 1642 1022 1707 ltulicm
1037 1661 1092 1705 res
1107 1641 1143 1705 in
1158 1641 1220 1704 ob-

125 1754 225 1801 scuro
239 1736 379 1801 essent?

169 1854 210 1901 ιι.
231 1838 352 1902 Errare
364 1848 476 1905 entem
490 1859 553 1905 eos
569 1846 605 1904 ut
619 1845 762 1919 constet,
777 1840 1017 1906 ostendendum
1030 1842 1129 1906 nobis
1150 1842 1220 1925 pri·

125 1954 165 2003 ns
178 1938 324 2003 Graecos
339 1939 457 2019 bosco,
482 1942 543 2024 qni
558 1941 682 2026 Dictyn
706 1941 848 2006 subinde
865 1943 1017 2020 leudem,
1033 1962 1100 2007 uon
1114 1943 1221 2008 elium

125 2038 298 2117 bubuisse,
314 2060 415 2123 quem
431 2042 530 2123 bunc,
545 2041 604 2127 qni
627 2041 661 2108 N
662 2045 773 2108 eroniu
792 2051 940 2125 tenpore
960 2043 1093 2123 lingitur
1105 2043 1222 2109 inven-

126 2144 180 2205 tus
195 2142 233 2205 in
248 2142 421 2207 Cretensis
436 2150 533 2211 terroe
548 2145 717 2229 sepulcro,
732 2152 767 2207 et
786 2164 832 2208 ex
853 2163 921 2225 quo
947 2143 1132 2225 Septimius
1147 2145 1223 2227 quir·

126 2244 380 2311 dnmLetinum
392 2245 478 2311 bunc
493 2246 696 2311 Versionem
708 2266 771 2312 seu
783 2246 959 2329 Epitomen
974 2246 1074 2310 nobis
1088 2247 1222 2309 concin-

126 2352 242 2411 nutum
258 2345 404 2428 reliquit.
447 2346 621 2411 Posterius
635 2348 699 2411 hoc
715 2355 834 2429 negent
846 2353 956 2411 umen
978 2366 1055 2410 cum
1069 2347 1139 2423 ulii,
1153 2353 1222 2409 tum

18 2434 20 2520 Ϊ
127 2447 281 2512 Vossius
311 2449 346 2510 in
376 2446 562 2514 Historicir
590 2449 733 2526 Latinis,
764 2451 799 2513 iu
823 2449 1010 2531 Septimio:
1044 2455 1222 2531 utrumque

127 2569 207 2614 vero
220 2548 300 2614 Jos.
320 2547 505 2626 blereerus,
520 2556 553 2614 et
567 2551 667 2616 Anne
683 2551 796 2626 Fabri,
809 2539 846 2614 in
861 2549 962 2614 Notis
981 2549 1026 2614 ed
1041 2548 1222 2630 Prologum

127 2651 232 2716 nostri
247 2649 412 2714 Auctoris
425 2657 459 2714 el
473 2651 517 2716 ad
539 2652 599 2715 lib.
614 2669 664 2716 rv.
679 2670 757 2735 cup.
771 2651 825 2716 21.
870 2648 968 2728 Quos
990 2649 1050 2713 ulii
1069 2647 1224 2732 plerique

18 2753 19 2758 ’
129 2759 327 2835 sequuntur.
371 2750 445 2832 Ego
461 2771 541 2816 vero
554 2755 749 2837 neutiquam
762 2753 831 2816 illis
851 2752 1029 2828 assentior,
1042 2758 1079 2814 et
1092 2758 1224 2814 conuu-

128 2855 226 2929 rium,
238 2853 306 2916 nisi
322 2851 429 2928 fallor,
443 2853 583 2936 liquebit
598 2853 815 2918 clarissimum
828 2853 863 2916 iu
876 2851 1013 2916 modum
1023 2868 1068 2913 ex
1080 2849 1135 2927 iis,
1146 2867 1225 2932 quse
1300 2913 1307 2920 ,

18 3027 19 3038 ¹
130 2953 255 3018 (licam.
300 2952 402 3016 Prius
418 2961 530 3018 eutem
546 2956 734 3031 ostendam,
744 2953 834 3036 qnod
851 2953 944 3036 prius
958 2952 1070 3036 posui,
1085 2951 1225 3017 Graecoe

18 3121 19 3130 ,
129 3055 234 3120 modo
248 3061 454 3119 memoratos
472 3075 540 3119 nun
563 3056 666 3120 ulium
687 3055 846 3121 habuisse
862 3062 921 3120 unt
940 3054 1076 3118 novisse
1091 3053 1226 3136 Dictyn,

131 3176 234 3241 quem
248 3155 340 3220 bunc
355 3154 525 3239 Septimii.

174 3275 235 3322 ιιι.
260 3258 301 3324 ld
325 3277 405 3348 rere
426 3259 637 3322 menifestum
659 3276 703 3320 ex
724 3276 777 3334 eo,
790 3253 882 3338 quod
907 3272 1004 3318 suum
1029 3254 1155 3338 Dictyn
1169 3271 1227 3333 eg·

18 3433 19 3444 χ
131 3367 277 3425 noscunt
290 3359 409 3424 itidem
423 3365 571 3441 tempore
586 3358 719 3423 demum
731 3357 867 3424 Claudii
884 3355 939 3420 vel
956 3354 1104 3418 Neronis
1114 3357 1228 3420 inven-

131 3469 213 3538 tum,
226 3469 262 3526 et
284 3461 401 3524 eodem
428 3461 564 3542 quidem
590 3459 840 3543 n10d0,qu0id
863 3455 960 3520 nobis
980 3462 1093 3519 narret
1116 3455 1228 3538 Septi-

133 3563 232 3641 mius,
248 3561 383 3626 scilicet
397 3561 432 3622 in
455 3562 614 3642 sepulcro
635 3560 738 3636 illius,
757 3566 797 3624 ut
817 3559 923 3634 ciunt,
938 3558 1094 3640 Dictyos‚
1109 3563 1228 3640 aperto

134 3683 194 3746 per
218 3669 318 3727 terrae
339 3671 479 3738 motum,
503 3670 538 3726 et
564 3661 663 3726 isthic
683 3660 820 3744 quidem
842 3662 870 3722 iv
891 3655 1077 3742 rurrrrrplrp
1092 3655 1229 3743 κιβωτίῳ,

135 3767 190 3830 ‘in
212 3765 332 3830 ercule
355 3757 514 3828 stenneur'
568 3763 625 3828 Ite
647 3771 731 3828 certe
761 3763 896 3838 Suides,
926 3766 961 3826 et
986 3758 1067 3825 Jolr.
1090 3759 1229 3836 Mulelu,

136 3866 387 3951 monuisses,
407 3873 530 3928 etcum
546 3865 659 3930 Latini
676 3865 817 3949 Dictyos
832 3863 987 3946 Prologis
1001 3859 1151 3926 conferes
1171 3878 1230 3924 ve·

137 3970 206 4047 lim,
219 3987 300 4053 psg.
314 3965 392 4031 168.
408 3972 446 4030 et
459 3967 604 4032 maxime
620 3987 696 4051 pag.
707 3967 784 4032 322.

180 4087 231 4135 lv.
254 4069 346 4134 Num
374 4067 559 4151 qnod'sub
582 4067 724 4133 Claudio
751 4066 883 4152 proprio
906 4066 1075 4130 inventum
1101 4061 1233 4128 uadunt

18 4189 20 4254 ς
141 4191 237 4254 quum
263 4171 451 4254 Septimius
471 4169 536 4236 sub
568 4168 702 4233 Nerone
730 4169 791 4246 uit,
818 4167 854 4232 id
876 4173 987 4231 ustum
1009 4183 1053 4229 ex
1075 4183 1127 4242 eo,
1143 4167 1233 4246 quoe
