<?xml version="1.0" encoding="UTF-8"?>
<!DOCTYPE html PUBLIC "-//W3C//DTD XHTML 1.0 Transitional//EN"
    "http://www.w3.org/TR/xhtml1/DTD/xhtml1-transitional.dtd">
<html xmlns="http://www.w3.org/1999/xhtml" xml:lang="en" lang="en">
 <head>
  <title>
</title>
<meta http-equiv="Content-Type" content="text/html;charset=utf-8" />
  <meta name='ocr-system' content='tesseract 3.04.00' />
  <meta name='ocr-capabilities' content='ocr_page ocr_carea ocr_par ocr_line ocrx_word'/>
</head>
<body>
  <div class='ocr_page' id='page_1' title='image "./dictyscretensis00josegoog/dictyscretensis00josegoog_0349.png"; bbox 0 0 2959 4875; ppageno 0'>
   <div class='ocr_carea' id='block_1_1' title="bbox 469 340 1266 408">
    <p class='ocr_par' dir='ltr' id='par_1_1' title="bbox 469 340 1266 408">
     <span class='ocr_line' id='line_1_1' title="bbox 469 340 1266 408; baseline 0.014 -11"><span class='ocrx_word' id='word_1_1' title='bbox 469 351 516 398; x_wconf 83' lang='lat' dir='ltr'><strong>nn</strong></span> <span class='ocrx_word' id='word_1_2' title='bbox 541 349 670 401; x_wconf 77' lang='lat' dir='ltr'><strong>exero.</strong></span> <span class='ocrx_word' id='word_1_3' title='bbox 692 350 820 403; x_wconf 74' lang='lat' dir='ltr'><strong>ruosu</strong></span> <span class='ocrx_word' id='word_1_4' title='bbox 842 352 992 403; x_wconf 78' lang='lat' dir='ltr'><strong>uteros.</strong></span> <span class='ocrx_word' id='word_1_5' title='bbox 1204 340 1266 408; x_wconf 74' lang='lat' dir='ltr'><strong>eet</strong></span> 
     </span>
    </p>
   </div>
   <div class='ocr_carea' id='block_1_2' title="bbox 180 492 1279 2396">
    <p class='ocr_par' dir='ltr' id='par_1_2' title="bbox 180 492 1279 2396">
     <span class='ocr_line' id='line_1_2' title="bbox 180 492 1268 577; baseline 0.007 -22"><span class='ocrx_word' id='word_1_6' title='bbox 180 492 270 555; x_wconf 63' lang='lat' dir='ltr'><strong>diest</strong></span> <span class='ocrx_word' id='word_1_7' title='bbox 285 498 457 575; x_wconf 68' lang='lat' dir='ltr'><strong>pugnetur.</strong></span> <span class='ocrx_word' id='word_1_8' title='bbox 480 492 580 557; x_wconf 87' lang='lat' dir='ltr'><strong>llulli</strong></span> <span class='ocrx_word' id='word_1_9' title='bbox 595 495 698 561; x_wconf 87' lang='lat' dir='ltr'><strong>duces</strong></span> <span class='ocrx_word' id='word_1_10' title='bbox 711 496 889 561; x_wconf 81' lang='lat' dir='ltr'><strong>fortissimi</strong></span> <span class='ocrx_word' id='word_1_11' title='bbox 902 495 981 561; x_wconf 85' lang='lat' dir='ltr'><strong>lrinc</strong></span> <span class='ocrx_word' id='word_1_12' title='bbox 995 499 1029 561; x_wconf 88' lang='lat' dir='ltr'><strong>et</strong></span> <span class='ocrx_word' id='word_1_13' title='bbox 1042 495 1121 560; x_wconf 89' lang='lat' dir='ltr'><strong>inde</strong></span> <span class='ocrx_word' id='word_1_14' title='bbox 1135 497 1268 577; x_wconf 83' lang='lat' dir='ltr'><strong>endunt,</strong></span> 
     </span>
     <span class='ocr_line' id='line_1_3' title="bbox 180 593 1269 681; baseline 0.007 -26"><span class='ocrx_word' id='word_1_15' title='bbox 180 593 314 675; x_wconf 80' lang='lat' dir='ltr'>plurimi</span> <span class='ocrx_word' id='word_1_16' title='bbox 330 594 550 673; x_wconf 80' lang='lat' dir='ltr'><strong>vulnerantur,</strong></span> <span class='ocrx_word' id='word_1_17' title='bbox 565 594 699 677; x_wconf 77' lang='lat' dir='ltr'>plurimi</span> <span class='ocrx_word' id='word_1_18' title='bbox 714 598 747 661; x_wconf 93' lang='lat' dir='ltr'><strong>in</strong></span> <span class='ocrx_word' id='word_1_19' title='bbox 761 598 932 662; x_wconf 75' lang='lat' dir='ltr'><strong>curatione</strong></span> <span class='ocrx_word' id='word_1_20' title='bbox 943 598 1136 662; x_wconf 84' lang='lat' dir='ltr'><strong>moriuntur.</strong></span> <span class='ocrx_word' id='word_1_21' title='bbox 1178 598 1269 681; x_wconf 83' lang='lat' dir='ltr'><strong>Age·</strong></span> 
     </span>
     <span class='ocr_line' id='line_1_4' title="bbox 180 696 1272 780; baseline 0.007 -23"><span class='ocrx_word' id='word_1_22' title='bbox 180 712 338 761; x_wconf 88' lang='lat' dir='ltr'><strong>memnon</strong></span> <span class='ocrx_word' id='word_1_23' title='bbox 358 696 459 759; x_wconf 87' lang='lat' dir='ltr'><strong>mittit</strong></span> <span class='ocrx_word' id='word_1_24' title='bbox 480 696 523 761; x_wconf 85' lang='lat' dir='ltr'><strong>nd</strong></span> <span class='ocrx_word' id='word_1_25' title='bbox 547 698 718 762; x_wconf 78' lang='lat' dir='ltr'><strong>Priamum</strong></span> <span class='ocrx_word' id='word_1_26' title='bbox 738 699 881 779; x_wconf 80' lang='lat' dir='ltr'><strong>legatos,</strong></span> <span class='ocrx_word' id='word_1_27' title='bbox 905 703 944 762; x_wconf 88' lang='lat' dir='ltr'><strong>nt</strong></span> <span class='ocrx_word' id='word_1_28' title='bbox 963 697 1115 763; x_wconf 81' lang='lat' dir='ltr'><strong>inducias</strong></span> <span class='ocrx_word' id='word_1_29' title='bbox 1136 700 1272 780; x_wconf 74' lang='lat' dir='ltr'><strong>triginta¹</strong></span> 
     </span>
     <span class='ocr_line' id='line_1_5' title="bbox 181 794 1271 882; baseline 0.006 -24"><span class='ocrx_word' id='word_1_30' title='bbox 181 794 308 859; x_wconf 87' lang='lat' dir='ltr'><strong>diorum</strong></span> <span class='ocrx_word' id='word_1_31' title='bbox 327 797 508 878; x_wconf 89' lang='lat' dir='ltr'><strong>postulent,</strong></span> <span class='ocrx_word' id='word_1_32' title='bbox 532 804 569 862; x_wconf 88' lang='lat' dir='ltr'><strong>nt</strong></span> <span class='ocrx_word' id='word_1_33' title='bbox 594 800 743 863; x_wconf 78' lang='lat' dir='ltr'><strong>funerare</strong></span> <span class='ocrx_word' id='word_1_34' title='bbox 768 808 919 864; x_wconf 88' lang='lat' dir='ltr'><strong>mortuos</strong></span> <span class='ocrx_word' id='word_1_35' title='bbox 948 800 1072 882; x_wconf 85' lang='lat' dir='ltr'><strong>possit.</strong></span> <span class='ocrx_word' id='word_1_36' title='bbox 1117 801 1271 865; x_wconf 81' lang='lat' dir='ltr'><strong>Priamus</strong></span> 
     </span>
     <span class='ocr_line' id='line_1_6' title="bbox 181 896 1271 985; baseline 0.006 -25"><span class='ocrx_word' id='word_1_37' title='bbox 181 896 335 961; x_wconf 85' lang='lat' dir='ltr'><strong>consulto</strong></span> <span class='ocrx_word' id='word_1_38' title='bbox 349 896 443 976; x_wconf 81' lang='lat' dir='ltr'><strong>lucit,</strong></span> <span class='ocrx_word' id='word_1_39' title='bbox 466 901 655 983; x_wconf 81' lang='lat' dir='ltr'><strong>annuitque.</strong></span> <span class='ocrx_word' id='word_1_40' title='bbox 698 899 784 984; x_wconf 71' lang='lat' dir='ltr'><strong>[st]</strong></span> <span class='ocrx_word' id='word_1_41' title='bbox 805 899 853 964; x_wconf 83' lang='lat' dir='ltr'><strong>tlt</strong></span> <span class='ocrx_word' id='word_1_42' title='bbox 867 901 924 965; x_wconf 91' lang='lat' dir='ltr'><strong>ubi</strong></span> <span class='ocrx_word' id='word_1_43' title='bbox 936 906 1068 984; x_wconf 89' lang='lat' dir='ltr'><strong>tempus</strong></span> <span class='ocrx_word' id='word_1_44' title='bbox 1081 920 1200 985; x_wconf 76' lang='lat' dir='ltr'><strong>pugnae</strong></span> <span class='ocrx_word' id='word_1_45' title='bbox 1215 921 1271 966; x_wconf 90' lang='lat' dir='ltr'><strong>sn·</strong></span> 
     </span>
     <span class='ocr_line' id='line_1_7' title="bbox 181 997 1271 1081; baseline 0.006 -20"><span class='ocrx_word' id='word_1_46' title='bbox 181 997 354 1081; x_wconf 80' lang='lat' dir='ltr'><strong>pervenit3</strong></span> <span class='ocrx_word' id='word_1_47' title='bbox 376 998 614 1066; x_wconf 74' lang='lat' dir='ltr'><strong>Andromache</strong></span> <span class='ocrx_word' id='word_1_48' title='bbox 628 1020 717 1067; x_wconf 85' lang='lat' dir='ltr'><strong>uxor</strong></span> <span class='ocrx_word' id='word_1_49' title='bbox 731 1002 895 1067; x_wconf 86' lang='lat' dir='ltr'><strong>Hectoris</strong></span> <span class='ocrx_word' id='word_1_50' title='bbox 909 1002 943 1065; x_wconf 91' lang='lat' dir='ltr'><strong>in</strong></span> <span class='ocrx_word' id='word_1_51' title='bbox 964 1003 1089 1067; x_wconf 84' lang='lat' dir='ltr'><strong>somnis</strong></span> <span class='ocrx_word' id='word_1_52' title='bbox 1108 1002 1207 1080; x_wconf 83' lang='lat' dir='ltr'><strong>vidit,</strong></span> <span class='ocrx_word' id='word_1_53' title='bbox 1228 1021 1271 1068; x_wconf 89' lang='lat' dir='ltr'><strong>ue</strong></span> 
     </span>
     <span class='ocr_line' id='line_1_8' title="bbox 181 1098 1272 1185; baseline 0.005 -23"><span class='ocrx_word' id='word_1_54' title='bbox 181 1098 314 1163; x_wconf 79' lang='lat' dir='ltr'><strong>Hector</strong></span> <span class='ocrx_word' id='word_1_55' title='bbox 328 1099 362 1163; x_wconf 94' lang='lat' dir='ltr'><strong>in</strong></span> <span class='ocrx_word' id='word_1_56' title='bbox 377 1114 522 1185; x_wconf 81' lang='lat' dir='ltr'><strong>pugnem</strong></span> <span class='ocrx_word' id='word_1_57' title='bbox 537 1102 756 1184; x_wconf 84' lang='lat' dir='ltr'><strong>procederet:</strong></span> <span class='ocrx_word' id='word_1_58' title='bbox 778 1110 813 1167; x_wconf 92' lang='lat' dir='ltr'><strong>et</strong></span> <span class='ocrx_word' id='word_1_59' title='bbox 836 1122 912 1167; x_wconf 91' lang='lat' dir='ltr'><strong>cum</strong></span> <span class='ocrx_word' id='word_1_60' title='bbox 934 1103 977 1167; x_wconf 85' lang='lat' dir='ltr'><strong>ud</strong></span> <span class='ocrx_word' id='word_1_61' title='bbox 1000 1123 1074 1167; x_wconf 89' lang='lat' dir='ltr'><strong>eum</strong></span> <span class='ocrx_word' id='word_1_62' title='bbox 1093 1104 1206 1168; x_wconf 85' lang='lat' dir='ltr'><strong>visum</strong></span> <span class='ocrx_word' id='word_1_63' title='bbox 1219 1124 1272 1168; x_wconf 92' lang='lat' dir='ltr'><strong>re·</strong></span> 
     </span>
     <span class='ocr_line' id='line_1_9' title="bbox 181 1197 1272 1278; baseline 0.005 -14"><span class='ocrx_word' id='word_1_64' title='bbox 181 1199 291 1278; x_wconf 82' lang='lat' dir='ltr'><strong>ferret,</strong></span> <span class='ocrx_word' id='word_1_65' title='bbox 307 1201 437 1266; x_wconf 77' lang='lat' dir='ltr'><strong>Hector</strong></span> <span class='ocrx_word' id='word_1_66' title='bbox 457 1202 630 1267; x_wconf 81' lang='lat' dir='ltr'><strong>muliebria</strong></span> <span class='ocrx_word' id='word_1_67' title='bbox 643 1204 748 1267; x_wconf 80' lang='lat' dir='ltr'><strong>verbe</strong></span> <span class='ocrx_word' id='word_1_68' title='bbox 762 1197 895 1269; x_wconf 64' lang='lat' dir='ltr'><strong>obicit?</strong></span> <span class='ocrx_word' id='word_1_69' title='bbox 938 1202 1176 1271; x_wconf 77' lang='lat' dir='ltr'><strong>Andromache</strong></span> <span class='ocrx_word' id='word_1_70' title='bbox 1188 1225 1272 1270; x_wconf 85' lang='lat' dir='ltr'><strong>moe·</strong></span> 
     </span>
     <span class='ocr_line' id='line_1_10' title="bbox 182 1301 1273 1388; baseline 0.005 -23"><span class='ocrx_word' id='word_1_71' title='bbox 182 1308 238 1365; x_wconf 87' lang='lat' dir='ltr'><strong>stu</strong></span> <span class='ocrx_word' id='word_1_72' title='bbox 252 1303 296 1365; x_wconf 86' lang='lat' dir='ltr'><strong>ud</strong></span> <span class='ocrx_word' id='word_1_73' title='bbox 316 1302 488 1367; x_wconf 78' lang='lat' dir='ltr'><strong>Priamum</strong></span> <span class='ocrx_word' id='word_1_74' title='bbox 501 1302 603 1380; x_wconf 87' lang='lat' dir='ltr'><strong>misit,</strong></span> <span class='ocrx_word' id='word_1_75' title='bbox 618 1307 655 1365; x_wconf 89' lang='lat' dir='ltr'><strong>nt</strong></span> <span class='ocrx_word' id='word_1_76' title='bbox 669 1301 719 1367; x_wconf 89' lang='lat' dir='ltr'><strong>illi</strong></span> <span class='ocrx_word' id='word_1_77' title='bbox 733 1304 906 1386; x_wconf 84' lang='lat' dir='ltr'><strong>prohibent</strong></span> <span class='ocrx_word' id='word_1_78' title='bbox 918 1323 961 1368; x_wconf 92' lang='lat' dir='ltr'><strong>ue</strong></span> <span class='ocrx_word' id='word_1_79' title='bbox 974 1324 1017 1369; x_wconf 87' lang='lat' dir='ltr'><strong>eu</strong></span> <span class='ocrx_word' id='word_1_80' title='bbox 1032 1304 1088 1369; x_wconf 87' lang='lat' dir='ltr'><strong>die</strong></span> <span class='ocrx_word' id='word_1_81' title='bbox 1102 1315 1273 1388; x_wconf 76' lang='lat' dir='ltr'><strong>pugnaret.</strong></span> 
     </span>
     <span class='ocr_line' id='line_1_11' title="bbox 182 1402 1274 1485; baseline 0.005 -19"><span class='ocrx_word' id='word_1_82' title='bbox 182 1402 336 1467; x_wconf 77' lang='lat' dir='ltr'><strong>Priamus</strong></span> <span class='ocrx_word' id='word_1_83' title='bbox 346 1403 524 1481; x_wconf 86' lang='lat' dir='ltr'><strong>Helenum,</strong></span> <span class='ocrx_word' id='word_1_84' title='bbox 534 1402 946 1484; x_wconf 61' lang='lat' dir='ltr'><strong>Alexandrnmffroilum,</strong></span> <span class='ocrx_word' id='word_1_85' title='bbox 955 1406 1154 1485; x_wconf 84' lang='lat' dir='ltr'><strong>AEueum,et</strong></span> <span class='ocrx_word' id='word_1_86' title='bbox 1164 1406 1274 1471; x_wconf 85' lang='lat' dir='ltr'><strong>illem·</strong></span> 
     </span>
     <span class='ocr_line' id='line_1_12' title="bbox 182 1504 1275 1592; baseline 0.005 -25"><span class='ocrx_word' id='word_1_87' title='bbox 182 1521 298 1569; x_wconf 88' lang='lat' dir='ltr'><strong>nouem</strong></span> <span class='ocrx_word' id='word_1_88' title='bbox 318 1504 416 1586; x_wconf 87' lang='lat' dir='ltr'><strong>jubet</strong></span> <span class='ocrx_word' id='word_1_89' title='bbox 437 1506 576 1583; x_wconf 85' lang='lat' dir='ltr'><strong>necersi,</strong></span> <span class='ocrx_word' id='word_1_90' title='bbox 599 1513 638 1570; x_wconf 87' lang='lat' dir='ltr'><strong>ut</strong></span> <span class='ocrx_word' id='word_1_91' title='bbox 652 1506 702 1569; x_wconf 91' lang='lat' dir='ltr'><strong>illi</strong></span> <span class='ocrx_word' id='word_1_92' title='bbox 721 1508 915 1590; x_wconf 79' lang='lat' dir='ltr'><strong>impugnem</strong></span> <span class='ocrx_word' id='word_1_93' title='bbox 930 1507 1121 1590; x_wconf 84' lang='lat' dir='ltr'><strong>prodirent:</strong></span> <span class='ocrx_word' id='word_1_94' title='bbox 1143 1508 1178 1572; x_wconf 91' lang='lat' dir='ltr'><strong>in</strong></span> <span class='ocrx_word' id='word_1_95' title='bbox 1191 1528 1275 1592; x_wconf 77' lang='lat' dir='ltr'><strong>pug-</strong></span> 
     </span>
     <span class='ocr_line' id='line_1_13' title="bbox 183 1605 1276 1691; baseline 0.004 -23"><span class='ocrx_word' id='word_1_96' title='bbox 183 1624 261 1669; x_wconf 84' lang='lat' dir='ltr'><strong>nem</strong></span> <span class='ocrx_word' id='word_1_97' title='bbox 289 1606 392 1669; x_wconf 86' lang='lat' dir='ltr'><strong>misit.</strong></span> <span class='ocrx_word' id='word_1_98' title='bbox 437 1605 568 1671; x_wconf 86' lang='lat' dir='ltr'><strong>Hector</strong></span> <span class='ocrx_word' id='word_1_99' title='bbox 591 1611 627 1671; x_wconf 89' lang='lat' dir='ltr'><strong>ut</strong></span> <span class='ocrx_word' id='word_1_100' title='bbox 648 1606 715 1671; x_wconf 85' lang='lat' dir='ltr'><strong>iste</strong></span> <span class='ocrx_word' id='word_1_101' title='bbox 745 1607 913 1689; x_wconf 74' lang='lat' dir='ltr'><strong>cognorit,</strong></span> <span class='ocrx_word' id='word_1_102' title='bbox 938 1607 1078 1670; x_wconf 89' lang='lat' dir='ltr'><strong>multum</strong></span> <span class='ocrx_word' id='word_1_103' title='bbox 1100 1607 1276 1691; x_wconf 81' lang='lat' dir='ltr'><strong>increpem</strong></span> 
     </span>
     <span class='ocr_line' id='line_1_14' title="bbox 184 1705 1276 1792; baseline 0.001 -22"><span class='ocrx_word' id='word_1_104' title='bbox 184 1705 465 1785; x_wconf 81' lang='lat' dir='ltr'><strong>Andromachum,</strong></span> <span class='ocrx_word' id='word_1_105' title='bbox 481 1726 573 1771; x_wconf 83' lang='lat' dir='ltr'><strong>omna</strong></span> <span class='ocrx_word' id='word_1_106' title='bbox 589 1713 626 1772; x_wconf 90' lang='lat' dir='ltr'><strong>ut</strong></span> <span class='ocrx_word' id='word_1_107' title='bbox 639 1708 801 1789; x_wconf 82' lang='lat' dir='ltr'><strong>proferret</strong></span> <span class='ocrx_word' id='word_1_108' title='bbox 809 1708 979 1792; x_wconf 77' lang='lat' dir='ltr'><strong>poposcit,</strong></span> <span class='ocrx_word' id='word_1_109' title='bbox 989 1707 1196 1771; x_wconf 86' lang='lat' dir='ltr'><strong>uecretiueri</strong></span> <span class='ocrx_word' id='word_1_110' title='bbox 1206 1707 1276 1771; x_wconf 88' lang='lat' dir='ltr'><strong>ullo</strong></span> 
     </span>
     <span class='ocr_line' id='line_1_15' title="bbox 184 1804 1278 1891; baseline 0 -20"><span class='ocrx_word' id='word_1_111' title='bbox 184 1808 286 1873; x_wconf 91' lang='lat' dir='ltr'><strong>modo</strong></span> <span class='ocrx_word' id='word_1_112' title='bbox 300 1808 423 1891; x_wconf 87' lang='lat' dir='ltr'><strong>potnit.</strong></span> <span class='ocrx_word' id='word_1_113' title='bbox 466 1807 595 1873; x_wconf 83' lang='lat' dir='ltr'><strong>llloeste</strong></span> <span class='ocrx_word' id='word_1_114' title='bbox 610 1804 846 1872; x_wconf 81' lang='lat' dir='ltr'><strong>Andromacha</strong></span> <span class='ocrx_word' id='word_1_115' title='bbox 860 1807 1049 1871; x_wconf 85' lang='lat' dir='ltr'><strong>summissis</strong></span> <span class='ocrx_word' id='word_1_116' title='bbox 1064 1806 1198 1889; x_wconf 85' lang='lat' dir='ltr'><strong>cupillis</strong></span> <span class='ocrx_word' id='word_1_117' title='bbox 1211 1804 1278 1871; x_wconf 78' lang='lat' dir='ltr'><strong>As·</strong></span> 
     </span>
     <span class='ocr_line' id='line_1_16' title="bbox 184 1905 1278 1992; baseline 0.002 -21"><span class='ocrx_word' id='word_1_118' title='bbox 184 1914 372 1991; x_wconf 80' lang='lat' dir='ltr'><strong>tynusotem</strong></span> <span class='ocrx_word' id='word_1_119' title='bbox 397 1910 502 1973; x_wconf 85' lang='lat' dir='ltr'><strong>lilium</strong></span> <span class='ocrx_word' id='word_1_120' title='bbox 527 1905 752 1992; x_wconf 74' lang='lat' dir='ltr'><strong>protendens‘¹</strong></span> <span class='ocrx_word' id='word_1_121' title='bbox 779 1913 857 1970; x_wconf 85' lang='lat' dir='ltr'><strong>unte</strong></span> <span class='ocrx_word' id='word_1_122' title='bbox 884 1906 987 1990; x_wconf 88' lang='lat' dir='ltr'><strong>pedes</strong></span> <span class='ocrx_word' id='word_1_123' title='bbox 1017 1907 1175 1971; x_wconf 77' lang='lat' dir='ltr'><strong>Hectoris</strong></span> <span class='ocrx_word' id='word_1_124' title='bbox 1201 1926 1278 1973; x_wconf 87' lang='lat' dir='ltr'><strong>eum</strong></span> 
     </span>
     <span class='ocr_line' id='line_1_17' title="bbox 185 2006 1278 2093; baseline -0.001 -20"><span class='ocrx_word' id='word_1_125' title='bbox 185 2028 343 2076; x_wconf 83' lang='lat' dir='ltr'><strong>revocure</strong></span> <span class='ocrx_word' id='word_1_126' title='bbox 359 2028 427 2073; x_wconf 90' lang='lat' dir='ltr'><strong>nou</strong></span> <span class='ocrx_word' id='word_1_127' title='bbox 438 2010 557 2093; x_wconf 70' lang='lat' dir='ltr'><strong>potnit.</strong></span> <span class='ocrx_word' id='word_1_128' title='bbox 600 2008 698 2073; x_wconf 80' lang='lat' dir='ltr'><strong>&#39;l&#39;uue</strong></span> <span class='ocrx_word' id='word_1_129' title='bbox 713 2008 852 2092; x_wconf 79' lang='lat' dir='ltr'><strong>planctu</strong></span> <span class='ocrx_word' id='word_1_130' title='bbox 864 2007 1009 2073; x_wconf 83' lang='lat' dir='ltr'><strong>femineo</strong></span> <span class='ocrx_word' id='word_1_131' title='bbox 1022 2006 1188 2090; x_wconf 20' lang='lat' dir='ltr'><strong>oppidum,</strong></span> <span class='ocrx_word' id='word_1_132' title='bbox 1199 2012 1278 2072; x_wconf 84' lang='lat' dir='ltr'><strong>eou-</strong></span> 
     </span>
     <span class='ocr_line' id='line_1_18' title="bbox 186 2108 1279 2192; baseline -0.004 -17"><span class='ocrx_word' id='word_1_133' title='bbox 186 2111 281 2189; x_wconf 79' lang='lat' dir='ltr'><strong>oitet,</strong></span> <span class='ocrx_word' id='word_1_134' title='bbox 302 2111 345 2175; x_wconf 83' lang='lat' dir='ltr'><strong>ud</strong></span> <span class='ocrx_word' id='word_1_135' title='bbox 367 2111 539 2175; x_wconf 82' lang='lat' dir='ltr'><strong>Priamum</strong></span> <span class='ocrx_word' id='word_1_136' title='bbox 560 2110 597 2173; x_wconf 91' lang='lat' dir='ltr'><strong>iu</strong></span> <span class='ocrx_word' id='word_1_137' title='bbox 615 2110 740 2192; x_wconf 77' lang='lat' dir='ltr'><strong>regium</strong></span> <span class='ocrx_word' id='word_1_138' title='bbox 755 2110 869 2186; x_wconf 86' lang='lat' dir='ltr'><strong>currit,</strong></span> <span class='ocrx_word' id='word_1_139' title='bbox 889 2108 988 2173; x_wconf 80' lang='lat' dir='ltr'><strong>refert</strong></span> <span class='ocrx_word' id='word_1_140' title='bbox 1000 2108 1084 2191; x_wconf 87' lang='lat' dir='ltr'><strong>quid</strong></span> <span class='ocrx_word' id='word_1_141' title='bbox 1097 2108 1133 2172; x_wconf 89' lang='lat' dir='ltr'><strong>in</strong></span> <span class='ocrx_word' id='word_1_142' title='bbox 1151 2109 1279 2173; x_wconf 79' lang='lat' dir='ltr'><strong>somnis</strong></span> 
     </span>
     <span class='ocr_line' id='line_1_19' title="bbox 185 2208 1279 2293; baseline -0.004 -18"><span class='ocrx_word' id='word_1_143' title='bbox 185 2211 315 2289; x_wconf 82' lang='lat' dir='ltr'><strong>viderit,</strong></span> <span class='ocrx_word' id='word_1_144' title='bbox 341 2217 376 2275; x_wconf 89' lang='lat' dir='ltr'><strong>et</strong></span> <span class='ocrx_word' id='word_1_145' title='bbox 402 2210 584 2276; x_wconf 88' lang='lat' dir='ltr'><strong>Hectorem</strong></span> <span class='ocrx_word' id='word_1_146' title='bbox 607 2211 695 2275; x_wconf 83' lang='lat' dir='ltr'><strong>velle</strong></span> <span class='ocrx_word' id='word_1_147' title='bbox 718 2210 753 2273; x_wconf 92' lang='lat' dir='ltr'><strong>iu</strong></span> <span class='ocrx_word' id='word_1_148' title='bbox 775 2227 917 2292; x_wconf 71' lang='lat' dir='ltr'><strong>pugnum</strong></span> <span class='ocrx_word' id='word_1_149' title='bbox 940 2208 1084 2293; x_wconf 91' lang='lat' dir='ltr'><strong>prodire,</strong></span> <span class='ocrx_word' id='word_1_150' title='bbox 1100 2228 1164 2272; x_wconf 90' lang='lat' dir='ltr'><strong>nee</strong></span> <span class='ocrx_word' id='word_1_151' title='bbox 1177 2226 1279 2292; x_wconf 85' lang='lat' dir='ltr'><strong>posse</strong></span> 
     </span>
     <span class='ocr_line' id='line_1_20' title="bbox 185 2308 1279 2396; baseline -0.004 -19"><span class='ocrx_word' id='word_1_152' title='bbox 185 2312 337 2396; x_wconf 80' lang='lat' dir='ltr'><strong>projecto</strong></span> <span class='ocrx_word' id='word_1_153' title='bbox 361 2312 405 2376; x_wconf 82' lang='lat' dir='ltr'><strong>nd</strong></span> <span class='ocrx_word' id='word_1_154' title='bbox 429 2331 539 2395; x_wconf 55' lang='lat' dir='ltr'><strong>mune</strong></span> <span class='ocrx_word' id='word_1_155' title='bbox 562 2312 632 2375; x_wconf 89' lang='lat' dir='ltr'><strong>fillo</strong></span> <span class='ocrx_word' id='word_1_156' title='bbox 659 2328 721 2375; x_wconf 89' lang='lat' dir='ltr'><strong>suo</strong></span> <span class='ocrx_word' id='word_1_157' title='bbox 742 2309 902 2373; x_wconf 77' lang='lat' dir='ltr'><strong>revocari.</strong></span> <span class='ocrx_word' id='word_1_158' title='bbox 945 2308 1102 2373; x_wconf 76' lang='lat' dir='ltr'><strong>Priamus</strong></span> <span class='ocrx_word' id='word_1_159' title='bbox 1115 2328 1230 2373; x_wconf 83' lang='lat' dir='ltr'><strong>omnes</strong></span> <span class='ocrx_word' id='word_1_160' title='bbox 1243 2310 1279 2373; x_wconf 86' lang='lat' dir='ltr'><strong>iu</strong></span> 
     </span>
    </p>
   </div>
   <div class='ocr_carea' id='block_1_3' title="bbox 186 2408 1281 3004">
    <p class='ocr_par' dir='ltr' id='par_1_3' title="bbox 186 2408 1281 3004">
     <span class='ocr_line' id='line_1_21' title="bbox 186 2408 1279 2498; baseline -0.005 -18"><span class='ocrx_word' id='word_1_161' title='bbox 186 2432 331 2498; x_wconf 79' lang='lat' dir='ltr'><strong>pugnem</strong></span> <span class='ocrx_word' id='word_1_162' title='bbox 346 2412 477 2498; x_wconf 88' lang='lat' dir='ltr'><strong>prodire</strong></span> <span class='ocrx_word' id='word_1_163' title='bbox 486 2412 600 2496; x_wconf 86' lang='lat' dir='ltr'><strong>jussit,</strong></span> <span class='ocrx_word' id='word_1_164' title='bbox 614 2418 649 2476; x_wconf 86' lang='lat' dir='ltr'><strong>et</strong></span> <span class='ocrx_word' id='word_1_165' title='bbox 661 2410 843 2476; x_wconf 87' lang='lat' dir='ltr'><strong>Hectorem</strong></span> <span class='ocrx_word' id='word_1_166' title='bbox 851 2408 996 2475; x_wconf 85' lang='lat' dir='ltr'><strong>retinuit.</strong></span> <span class='ocrx_word' id='word_1_167' title='bbox 1038 2408 1279 2492; x_wconf 69' lang='lat' dir='ltr'><strong>Agamemnon,</strong></span> 
     </span>
     <span class='ocr_line' id='line_1_22' title="bbox 188 2509 1280 2595; baseline -0.005 -15"><span class='ocrx_word' id='word_1_168' title='bbox 188 2515 384 2595; x_wconf 85' lang='lat' dir='ltr'><strong>Diomedes,</strong></span> <span class='ocrx_word' id='word_1_169' title='bbox 398 2514 559 2591; x_wconf 79' lang='lat' dir='ltr'><strong>Achilles,</strong></span> <span class='ocrx_word' id='word_1_170' title='bbox 574 2512 666 2595; x_wconf 80' lang='lat' dir='ltr'><strong>Ajnx</strong></span> <span class='ocrx_word' id='word_1_171' title='bbox 678 2511 825 2584; x_wconf 86' lang='lat' dir='ltr'><strong>Locrus,</strong></span> <span class='ocrx_word' id='word_1_172' title='bbox 838 2515 874 2574; x_wconf 90' lang='lat' dir='ltr'><strong>ut</strong></span> <span class='ocrx_word' id='word_1_173' title='bbox 887 2510 1000 2574; x_wconf 82' lang='lat' dir='ltr'><strong>videre</strong></span> <span class='ocrx_word' id='word_1_174' title='bbox 1015 2509 1200 2575; x_wconf 88' lang='lat' dir='ltr'><strong>Hectorem</strong></span> <span class='ocrx_word' id='word_1_175' title='bbox 1213 2529 1280 2574; x_wconf 90' lang='lat' dir='ltr'><strong>nou</strong></span> 
     </span>
     <span class='ocr_line' id='line_1_23' title="bbox 187 2609 1281 2700; baseline -0.005 -21"><span class='ocrx_word' id='word_1_176' title='bbox 187 2617 351 2700; x_wconf 89' lang='lat' dir='ltr'><strong>prodisse,</strong></span> <span class='ocrx_word' id='word_1_177' title='bbox 362 2616 483 2681; x_wconf 79' lang='lat' dir='ltr'><strong>aeriter</strong></span> <span class='ocrx_word' id='word_1_178' title='bbox 495 2617 734 2697; x_wconf 76' lang='lat' dir='ltr'><strong>pugnaverunt,</strong></span> <span class='ocrx_word' id='word_1_179' title='bbox 742 2610 934 2692; x_wconf 84' lang='lat' dir='ltr'><strong>multosque</strong></span> <span class='ocrx_word' id='word_1_180' title='bbox 945 2609 1049 2674; x_wconf 86' lang='lat' dir='ltr'><strong>duces</strong></span> <span class='ocrx_word' id='word_1_181' title='bbox 1058 2609 1281 2692; x_wconf 75' lang='lat' dir='ltr'><strong>Trojanormn</strong></span> 
     </span>
     <span class='ocr_line' id='line_1_24' title="bbox 187 2710 1281 2794; baseline -0.008 -12"><span class='ocrx_word' id='word_1_182' title='bbox 187 2718 394 2784; x_wconf 87' lang='lat' dir='ltr'><strong>oeciderunt.</strong></span> <span class='ocrx_word' id='word_1_183' title='bbox 439 2717 579 2794; x_wconf 84' lang='lat' dir='ltr'><strong>Hector,</strong></span> <span class='ocrx_word' id='word_1_184' title='bbox 591 2719 631 2779; x_wconf 88' lang='lat' dir='ltr'><strong>ut</strong></span> <span class='ocrx_word' id='word_1_185' title='bbox 646 2712 777 2780; x_wconf 76' lang='lat' dir='ltr'><strong>audivit</strong></span> <span class='ocrx_word' id='word_1_186' title='bbox 791 2711 967 2776; x_wconf 87' lang='lat' dir='ltr'><strong>tumultum</strong></span> <span class='ocrx_word' id='word_1_187' title='bbox 982 2711 1018 2774; x_wconf 91' lang='lat' dir='ltr'><strong>iu</strong></span> <span class='ocrx_word' id='word_1_188' title='bbox 1032 2710 1137 2789; x_wconf 88' lang='lat' dir='ltr'><strong>bello,</strong></span> <span class='ocrx_word' id='word_1_189' title='bbox 1157 2710 1281 2775; x_wconf 81' lang='lat' dir='ltr'><strong>eteius</strong></span> 
     </span>
     <span class='ocr_line' id='line_1_25' title="bbox 189 2810 1281 2904; baseline -0.005 -22"><span class='ocrx_word' id='word_1_190' title='bbox 189 2835 228 2882; x_wconf 89' lang='lat' dir='ltr'><strong>se</strong></span> <span class='ocrx_word' id='word_1_191' title='bbox 241 2819 408 2904; x_wconf 78' lang='lat' dir='ltr'><strong>Trojanos</strong></span> <span class='ocrx_word' id='word_1_192' title='bbox 422 2819 586 2896; x_wconf 76' lang='lat' dir='ltr'><strong>laborare,</strong></span> <span class='ocrx_word' id='word_1_193' title='bbox 600 2814 750 2901; x_wconf 87' lang='lat' dir='ltr'><strong>prosiliit</strong></span> <span class='ocrx_word' id='word_1_194' title='bbox 767 2814 803 2878; x_wconf 90' lang='lat' dir='ltr'><strong>iu</strong></span> <span class='ocrx_word' id='word_1_195' title='bbox 817 2813 953 2877; x_wconf 81' lang='lat' dir='ltr'><strong>bellum</strong></span> <span class='ocrx_word' id='word_1_196' title='bbox 997 2811 1186 2894; x_wconf 77' lang='lat' dir='ltr'><strong>Statimque</strong></span> <span class='ocrx_word' id='word_1_197' title='bbox 1200 2810 1281 2876; x_wconf 89' lang='lat' dir='ltr'><strong>Eio-</strong></span> 
     </span>
     <span class='ocr_line' id='line_1_26' title="bbox 189 2910 1281 3004; baseline -0.011 -19"><span class='ocrx_word' id='word_1_198' title='bbox 189 2937 286 2986; x_wconf 86' lang='lat' dir='ltr'><strong>nenm</strong></span> <span class='ocrx_word' id='word_1_199' title='bbox 314 2923 515 2999; x_wconf 68' lang='lat' dir='ltr'><strong>comoneat:</strong></span> <span class='ocrx_word' id='word_1_200' title='bbox 545 2919 723 3004; x_wconf 89' lang='lat' dir='ltr'><strong>Iphinoum</strong></span> <span class='ocrx_word' id='word_1_201' title='bbox 751 2910 897 2979; x_wconf 76' lang='lat' dir='ltr'><strong>senciet‘</strong></span> <span class='ocrx_word' id='word_1_202' title='bbox 925 2912 1107 2976; x_wconf 78' lang='lat' dir='ltr'><strong>leoninum</strong></span> <span class='ocrx_word' id='word_1_203' title='bbox 1131 2910 1281 2988; x_wconf 82' lang='lat' dir='ltr'><strong>occidit,¹</strong></span> 
     </span>
    </p>
   </div>
   <div class='ocr_carea' id='block_1_4' title="bbox 647 3090 825 3115">
    <p class='ocr_par' dir='ltr' id='par_1_4' title="bbox 647 3090 825 3115">
     <span class='ocr_line' id='line_1_27' title="bbox 647 3090 825 3115; baseline -0.022 -1"><span class='ocrx_word' id='word_1_204' title='bbox 647 3090 825 3115; x_wconf 65' lang='grc' dir='ltr'><strong>010Μο</strong></span> 
     </span>
    </p>
   </div>
   <div class='ocr_carea' id='block_1_5' title="bbox 224 3191 713 3268">
    <p class='ocr_par' dir='ltr' id='par_1_5' title="bbox 224 3191 713 3268">
     <span class='ocr_line' id='line_1_28' title="bbox 224 3191 713 3268; baseline -0.004 -24"><span class='ocrx_word' id='word_1_205' title='bbox 224 3197 240 3244; x_wconf 76' lang='grc' dir='ltr'>Ι</span> <span class='ocrx_word' id='word_1_206' title='bbox 257 3193 336 3245; x_wconf 75' lang='lat' dir='ltr'><strong>Dum</strong></span> <span class='ocrx_word' id='word_1_207' title='bbox 354 3195 497 3260; x_wconf 71' lang='lat' dir='ltr'><strong>helpe-⁶</strong></span> <span class='ocrx_word' id='word_1_208' title='bbox 514 3193 605 3258; x_wconf 76' lang='lat' dir='ltr'><strong>Adjicit</strong></span> <span class='ocrx_word' id='word_1_209' title='bbox 616 3191 713 3268; x_wconf 78' lang='lat' dir='ltr'><strong>Delph.</strong></span> 
     </span>
    </p>
   </div>
   <div class='ocr_carea' id='block_1_6' title="bbox 191 3331 1283 3570">
    <p class='ocr_par' dir='ltr' id='par_1_6' title="bbox 191 3331 1283 3570">
     <span class='ocr_line' id='line_1_29' title="bbox 688 3331 796 3384; baseline -0.019 0"><span class='ocrx_word' id='word_1_210' title='bbox 688 3331 796 3384; x_wconf 75' lang='lat' dir='ltr'><strong>NOTAE</strong></span> 
     </span>
     <span class='ocr_line' id='line_1_30' title="bbox 225 3419 1281 3496; baseline -0.013 -12"><span class='ocrx_word' id='word_1_211' title='bbox 225 3431 500 3496; x_wconf 62' lang='lat' dir='ltr'><strong>*mummium</strong></span> <span class='ocrx_word' id='word_1_212' title='bbox 505 3428 655 3495; x_wconf 77' lang='lat' dir='ltr'><strong>prutmdm]</strong></span> <span class='ocrx_word' id='word_1_213' title='bbox 666 3427 718 3478; x_wconf 88' lang='lat' dir='ltr'><strong>Hie</strong></span> <span class='ocrx_word' id='word_1_214' title='bbox 759 3425 829 3476; x_wconf 83' lang='lat' dir='ltr'><strong>tione</strong></span> <span class='ocrx_word' id='word_1_215' title='bbox 837 3425 958 3488; x_wconf 70' lang='lat' dir='ltr'><strong>Trojwu,</strong></span> <span class='ocrx_word' id='word_1_216' title='bbox 969 3421 1062 3473; x_wconf 79' lang='lat' dir='ltr'><strong>nullius</strong></span> <span class='ocrx_word' id='word_1_217' title='bbox 1074 3419 1165 3471; x_wconf 78' lang='lat' dir='ltr'><strong>Fiouei</strong></span> <span class='ocrx_word' id='word_1_218' title='bbox 1178 3434 1281 3484; x_wconf 77' lang='lat' dir='ltr'><strong>nequem</strong></span> 
     </span>
     <span class='ocr_line' id='line_1_31' title="bbox 191 3495 1283 3570; baseline -0.012 -13"><span class='ocrx_word' id='word_1_219' title='bbox 191 3507 280 3557; x_wconf 71' lang='lat' dir='ltr'><strong>Dares</strong></span> <span class='ocrx_word' id='word_1_220' title='bbox 291 3507 500 3570; x_wconf 68' lang='lat' dir='ltr'><strong>conjungitque</strong></span> <span class='ocrx_word' id='word_1_221' title='bbox 517 3505 646 3555; x_wconf 85' lang='lat' dir='ltr'><strong>Homerus</strong></span> <span class='ocrx_word' id='word_1_222' title='bbox 662 3517 719 3552; x_wconf 81' lang='lat' dir='ltr'><strong>unr-</strong></span> <span class='ocrx_word' id='word_1_223' title='bbox 758 3499 915 3550; x_wconf 80' lang='lat' dir='ltr'><strong>mentionem</strong></span> <span class='ocrx_word' id='word_1_224' title='bbox 937 3498 1015 3547; x_wconf 81' lang='lat' dir='ltr'><strong>ullum</strong></span> <span class='ocrx_word' id='word_1_225' title='bbox 1039 3495 1137 3546; x_wconf 78' lang='lat' dir='ltr'><strong>foetum</strong></span> <span class='ocrx_word' id='word_1_226' title='bbox 1158 3495 1283 3545; x_wconf 74' lang='lat' dir='ltr'><strong>iuvenies.</strong></span> 
     </span>
    </p>
   </div>
   <div class='ocr_carea' id='block_1_7' title="bbox 192 3570 1353 4020">
    <p class='ocr_par' dir='ltr' id='par_1_7' title="bbox 192 3570 1353 3870">
     <span class='ocr_line' id='line_1_32' title="bbox 194 3570 1284 3643; baseline -0.012 -12"><span class='ocrx_word' id='word_1_227' title='bbox 194 3583 263 3631; x_wconf 75' lang='lat' dir='ltr'><strong>revit</strong></span> <span class='ocrx_word' id='word_1_228' title='bbox 282 3582 313 3631; x_wconf 86' lang='lat' dir='ltr'><strong>ll.</strong></span> <span class='ocrx_word' id='word_1_229' title='bbox 328 3585 360 3630; x_wconf 85' lang='lat' dir='ltr'><strong>x.</strong></span> <span class='ocrx_word' id='word_1_230' title='bbox 376 3586 404 3630; x_wconf 84' lang='lat' dir='ltr'><strong>et</strong></span> <span class='ocrx_word' id='word_1_231' title='bbox 424 3582 451 3630; x_wconf 86' lang='lat' dir='ltr'><strong>iu</strong></span> <span class='ocrx_word' id='word_1_232' title='bbox 466 3581 495 3630; x_wconf 84' lang='lat' dir='ltr'><strong>iis</strong></span> <span class='ocrx_word' id='word_1_233' title='bbox 514 3577 719 3643; x_wconf 75' lang='lat' dir='ltr'><strong>otiumqumdnm</strong></span> <span class='ocrx_word' id='word_1_234' title='bbox 759 3575 820 3624; x_wconf 74' lang='lat' dir='ltr'><strong>surr</strong></span> <span class='ocrx_word' id='word_1_235' title='bbox 840 3573 945 3638; x_wconf 82' lang='lat' dir='ltr'><strong>quidem</strong></span> <span class='ocrx_word' id='word_1_236' title='bbox 967 3572 1079 3622; x_wconf 80' lang='lat' dir='ltr'><strong>Elouens</strong></span> <span class='ocrx_word' id='word_1_237' title='bbox 1100 3570 1179 3620; x_wconf 77' lang='lat' dir='ltr'><strong>linesi</strong></span> <span class='ocrx_word' id='word_1_238' title='bbox 1200 3576 1284 3632; x_wconf 78' lang='lat' dir='ltr'><strong>peter,</strong></span> 
     </span>
     <span class='ocr_line' id='line_1_33' title="bbox 192 3643 1353 3718; baseline -0.012 -12"><span class='ocrx_word' id='word_1_239' title='bbox 192 3658 319 3706; x_wconf 79' lang='lat' dir='ltr'><strong>immutet.</strong></span> <span class='ocrx_word' id='word_1_240' title='bbox 351 3655 649 3718; x_wconf 81' lang='lat' dir='ltr'><strong>Homerureulm,ll.z.</strong></span> <span class='ocrx_word' id='word_1_241' title='bbox 665 3651 719 3703; x_wconf 79' lang='lat' dir='ltr'><strong>Au·</strong></span> <span class='ocrx_word' id='word_1_242' title='bbox 760 3649 931 3712; x_wconf 78' lang='lat' dir='ltr'><strong>uedls&#39;l&#39;rojm</strong></span> <span class='ocrx_word' id='word_1_243' title='bbox 941 3645 1093 3707; x_wconf 74' lang='lat' dir='ltr'><strong>nouuffuit3</strong></span> <span class='ocrx_word' id='word_1_244' title='bbox 1116 3653 1144 3695; x_wconf 87' lang='lat' dir='ltr'><strong>et</strong></span> <span class='ocrx_word' id='word_1_245' title='bbox 1160 3645 1181 3695; x_wconf 85' lang='lat' dir='ltr'><strong>ri</strong></span> <span class='ocrx_word' id='word_1_246' title='bbox 1197 3643 1284 3695; x_wconf 75' lang='lat' dir='ltr'><strong>effuls-</strong></span> <span class='ocrx_word' id='word_1_247' title='bbox 1351 3702 1353 3705; x_wconf 23' lang='lat'>¹</span> 
     </span>
     <span class='ocr_line' id='line_1_34' title="bbox 192 3721 1283 3792; baseline -0.014 -10"><span class='ocrx_word' id='word_1_248' title='bbox 192 3731 357 3782; x_wconf 82' lang='lat' dir='ltr'><strong>dromnchum</strong></span> <span class='ocrx_word' id='word_1_249' title='bbox 370 3727 719 3792; x_wconf 62' lang='lat' dir='ltr'><strong>inuesinenmpurvnlols·</strong></span> <span class='ocrx_word' id='word_1_250' title='bbox 759 3734 809 3790; x_wconf 78' lang='lat' dir='ltr'><strong>ret,</strong></span> <span class='ocrx_word' id='word_1_251' title='bbox 828 3721 997 3788; x_wconf 69' lang='lat' dir='ltr'><strong>Troianorum</strong></span> <span class='ocrx_word' id='word_1_252' title='bbox 1018 3731 1106 3788; x_wconf 78' lang='lat' dir='ltr'><strong>purten</strong></span> <span class='ocrx_word' id='word_1_253' title='bbox 1125 3727 1231 3772; x_wconf 79' lang='lat' dir='ltr'><strong>secutus</strong></span> <span class='ocrx_word' id='word_1_254' title='bbox 1243 3731 1283 3768; x_wconf 75' lang='lat' dir='ltr'><strong>ee·</strong></span> 
     </span>
     <span class='ocr_line' id='line_1_35' title="bbox 194 3802 807 3870; baseline -0.007 -15"><span class='ocrx_word' id='word_1_255' title='bbox 194 3811 316 3870; x_wconf 74' lang='lat' dir='ltr'><strong>tyuuscte</strong></span> <span class='ocrx_word' id='word_1_256' title='bbox 327 3802 470 3853; x_wconf 84' lang='lat' dir='ltr'><strong>Hectorem</strong></span> <span class='ocrx_word' id='word_1_257' title='bbox 481 3802 673 3866; x_wconf 81' lang='lat' dir='ltr'><strong>deprecuuteur,</strong></span> <span class='ocrx_word' id='word_1_258' title='bbox 684 3815 718 3852; x_wconf 84' lang='lat' dir='ltr'><strong>ne</strong></span> <span class='ocrx_word' id='word_1_259' title='bbox 758 3807 807 3853; x_wconf 76' lang='lat' dir='ltr'><strong>set.</strong></span> 
     </span>
    </p>

    <p class='ocr_par' dir='ltr' id='par_1_8' title="bbox 192 3869 1285 4020">
     <span class='ocr_line' id='line_1_36' title="bbox 194 3869 1284 3948; baseline -0.015 -16"><span class='ocrx_word' id='word_1_260' title='bbox 194 3882 222 3932; x_wconf 87' lang='lat' dir='ltr'><strong>in</strong></span> <span class='ocrx_word' id='word_1_261' title='bbox 234 3895 344 3948; x_wconf 73' lang='lat' dir='ltr'><strong>pugnum</strong></span> <span class='ocrx_word' id='word_1_262' title='bbox 356 3878 480 3943; x_wconf 84' lang='lat' dir='ltr'><strong>prodiret.</strong></span> <span class='ocrx_word' id='word_1_263' title='bbox 504 3879 549 3937; x_wconf 84' lang='lat' dir='ltr'><strong>Et,</strong></span> <span class='ocrx_word' id='word_1_264' title='bbox 558 3878 590 3927; x_wconf 87' lang='lat'><strong>11.</strong></span> <span class='ocrx_word' id='word_1_265' title='bbox 601 3883 631 3929; x_wconf 80' lang='lat' dir='ltr'><strong>x.</strong></span> <span class='ocrx_word' id='word_1_266' title='bbox 644 3879 717 3927; x_wconf 84' lang='lat' dir='ltr'><strong>Priu-</strong></span> <span class='ocrx_word' id='word_1_267' title='bbox 790 3874 938 3938; x_wconf 67' lang='lat' dir='ltr'><strong>‘Iphinoum</strong></span> <span class='ocrx_word' id='word_1_268' title='bbox 947 3871 1051 3934; x_wconf 72' lang='lat' dir='ltr'><strong>nmini]</strong></span> <span class='ocrx_word' id='word_1_269' title='bbox 1073 3871 1125 3920; x_wconf 76' lang='lat' dir='ltr'><strong>Sed</strong></span> <span class='ocrx_word' id='word_1_270' title='bbox 1141 3869 1284 3919; x_wconf 79' lang='lat' dir='ltr'><strong>Homemm</strong></span> 
     </span>
     <span class='ocr_line' id='line_1_37' title="bbox 192 3943 1285 4020; baseline -0.014 -12"><span class='ocrx_word' id='word_1_271' title='bbox 192 3971 264 4008; x_wconf 80' lang='lat' dir='ltr'><strong>mum</strong></span> <span class='ocrx_word' id='word_1_272' title='bbox 276 3955 462 4020; x_wconf 80' lang='lat' dir='ltr'><strong>Hecubnmqne</strong></span> <span class='ocrx_word' id='word_1_273' title='bbox 473 3953 609 4018; x_wconf 81' lang='lat' dir='ltr'><strong>prohibere</strong></span> <span class='ocrx_word' id='word_1_274' title='bbox 621 3953 717 4002; x_wconf 85' lang='lat' dir='ltr'><strong>Hecto·</strong></span> <span class='ocrx_word' id='word_1_275' title='bbox 757 3965 816 4002; x_wconf 85' lang='lat' dir='ltr'><strong>eum</strong></span> <span class='ocrx_word' id='word_1_276' title='bbox 827 3964 844 3998; x_wconf 80' lang='lat' dir='ltr'><strong>n</strong></span> <span class='ocrx_word' id='word_1_277' title='bbox 853 3949 955 3999; x_wconf 79' lang='lat' dir='ltr'><strong>Gleneo</strong></span> <span class='ocrx_word' id='word_1_278' title='bbox 965 3947 1077 3997; x_wconf 84' lang='lat' dir='ltr'><strong>oeeirnm</strong></span> <span class='ocrx_word' id='word_1_279' title='bbox 1088 3944 1163 4008; x_wconf 80' lang='lat' dir='ltr'><strong>dicit,</strong></span> <span class='ocrx_word' id='word_1_280' title='bbox 1171 3945 1227 4009; x_wconf 81' lang='lat' dir='ltr'><strong>lpse</strong></span> <span class='ocrx_word' id='word_1_281' title='bbox 1237 3943 1285 3994; x_wconf 87' lang='lat' dir='ltr'><strong>int·</strong></span> 
     </span>
    </p>
   </div>
   <div class='ocr_carea' id='block_1_8' title="bbox 169 4026 1283 4172">
    <p class='ocr_par' dir='ltr' id='par_1_9' title="bbox 169 4026 1283 4172">
     <span class='ocr_line' id='line_1_38' title="bbox 169 4026 882 4088; baseline -0.01 -7"><span class='ocrx_word' id='word_1_282' title='bbox 169 4045 173 4052; x_wconf 62' lang='lat'>‘</span> <span class='ocrx_word' id='word_1_283' title='bbox 195 4045 250 4082; x_wconf 83' lang='lat' dir='ltr'><strong>rem</strong></span> <span class='ocrx_word' id='word_1_284' title='bbox 267 4034 422 4088; x_wconf 69' lang='lat' dir='ltr'><strong>annitentes,</strong></span> <span class='ocrx_word' id='word_1_285' title='bbox 441 4043 474 4079; x_wconf 84' lang='lat' dir='ltr'><strong>ue</strong></span> <span class='ocrx_word' id='word_1_286' title='bbox 490 4035 583 4080; x_wconf 74' lang='lat' dir='ltr'><strong>contre</strong></span> <span class='ocrx_word' id='word_1_287' title='bbox 592 4028 719 4078; x_wconf 79' lang='lat' dir='ltr'><strong>Achillem</strong></span> <span class='ocrx_word' id='word_1_288' title='bbox 758 4026 841 4078; x_wconf 87' lang='lat' dir='ltr'><strong>tioll.</strong></span> <span class='ocrx_word' id='word_1_289' title='bbox 852 4031 882 4074; x_wconf 77' lang='lat' dir='ltr'><strong>tl.</strong></span> 
     </span>
     <span class='ocr_line' id='line_1_39' title="bbox 189 4095 1283 4172; baseline -0.014 -13"><span class='ocrx_word' id='word_1_290' title='bbox 189 4107 360 4172; x_wconf 74' lang='lat' dir='ltr'><strong>&#39;procederes</strong></span> <span class='ocrx_word' id='word_1_291' title='bbox 791 4111 804 4144; x_wconf 78' lang='grc' dir='ltr'>ι</span> <span class='ocrx_word' id='word_1_292' title='bbox 830 4099 958 4149; x_wconf 67' lang='lat' dir='ltr'><strong>mrem</strong></span> <span class='ocrx_word' id='word_1_293' title='bbox 977 4095 1075 4160; x_wconf 69' lang='lat' dir='ltr'><strong>uetus]</strong></span> <span class='ocrx_word' id='word_1_294' title='bbox 1108 4095 1149 4145; x_wconf 78' lang='lat' dir='ltr'><strong>Ex</strong></span> <span class='ocrx_word' id='word_1_295' title='bbox 1169 4095 1283 4146; x_wconf 83' lang='lat' dir='ltr'><strong>Homero</strong></span> 
     </span>
    </p>
   </div>
   <div class='ocr_carea' id='block_1_9' title="bbox 229 4173 1282 4338">
    <p class='ocr_par' dir='ltr' id='par_1_10' title="bbox 229 4173 1282 4338">
     <span class='ocr_line' id='line_1_40' title="bbox 229 4173 1282 4243; baseline -0.01 -11"><span class='ocrx_word' id='word_1_296' title='bbox 229 4177 515 4241; x_wconf 62' lang='lat' dir='ltr'><strong>‘Simounmss</strong></span> <span class='ocrx_word' id='word_1_297' title='bbox 530 4176 721 4243; x_wconf 73' lang='lat' dir='ltr'><strong>Atiuexpedi·</strong></span> <span class='ocrx_word' id='word_1_298' title='bbox 759 4176 852 4225; x_wconf 73' lang='lat' dir='ltr'><strong>fulsum</strong></span> <span class='ocrx_word' id='word_1_299' title='bbox 876 4182 938 4235; x_wconf 64' lang='grc' dir='ltr'><strong>ειη</strong></span> <span class='ocrx_word' id='word_1_300' title='bbox 964 4174 1018 4239; x_wconf 89' lang='lat' dir='ltr'><strong>qui,</strong></span> <span class='ocrx_word' id='word_1_301' title='bbox 1039 4178 1099 4236; x_wconf 75' lang='lat' dir='ltr'><strong>port</strong></span> <span class='ocrx_word' id='word_1_302' title='bbox 1116 4173 1282 4222; x_wconf 84' lang='lat' dir='ltr'><strong>interemtum</strong></span> 
     </span>
     <span class='ocr_line' id='line_1_41' title="bbox 232 4253 1220 4338; baseline -0.012 -26"><span class='ocrx_word' id='word_1_303' title='bbox 232 4327 235 4338; x_wconf 91' lang='lat'>.</span> <span class='ocrx_word' id='word_1_304' title='bbox 261 4262 384 4326; x_wconf 71' lang='lat' dir='ltr'><strong>Delpl.et</strong></span> <span class='ocrx_word' id='word_1_305' title='bbox 398 4261 532 4313; x_wconf 68' lang='lat' dir='ltr'><strong>VemGim·</strong></span> <span class='ocrx_word' id='word_1_306' title='bbox 663 4258 734 4308; x_wconf 82' lang='lat' dir='ltr'><strong>Diei.</strong></span> <span class='ocrx_word' id='word_1_307' title='bbox 747 4258 863 4319; x_wconf 57' lang='lat' dir='ltr'><strong>Cremu.</strong></span> <span class='ocrx_word' id='word_1_308' title='bbox 1194 4253 1220 4300; x_wconf 88' lang='grc' dir='ltr'><strong>Χ</strong></span> 
     </span>
    </p>
   </div>
   <div class='ocr_carea' id='block_1_10' title="bbox 0 0 1500 4875">
    <p class='ocr_par' dir='ltr' id='par_1_11' title="bbox 0 0 1500 4875">
     <span class='ocr_line' id='line_1_42' title="bbox 0 0 1500 4875; baseline 0 0"><span class='ocrx_word' id='word_1_309' title='bbox 0 0 1500 4875; x_wconf 95' lang='lat' dir='ltr'><strong> </strong></span> 
     </span>
    </p>
   </div>
  </div>
 </body>
</html>
