2959 4875
241 326 286 395 es
499 342 579 393 rau.
602 340 799 391 rssrserur
823 304 1077 392 ursssararre

243 494 381 563 aliorum
396 498 586 572 auctorum,
600 500 636 558 st
648 493 702 557 his
725 492 813 577 ipsis
824 492 985 564 ,Sallustii
1007 492 1107 568 loeis,
1123 490 1238 560 ‘sure’
1252 492 1334 559 elim

242 594 604 672 mdetuentedttum,
619 594 841 661 iteritatis
862 593 976 659 ‘fers'
996 595 1198 659 restitutum.
1241 591 1334 659 Vide

242 704 278 762 et
294 695 500 763 Grunorium
514 698 648 763 Putrem
663 696 706 763 ad
721 696 857 763 Livium
871 712 898 759 1.
912 695 946 760 9.

286 798 398 863 ιι.47.
420 796 577 881 ‘Trejsni
590 817 634 862 ex
649 790 752 861 muris
764 791 1014 882 respectautea'
1038 792 1333 877 llirummiaerip·

240 898 322 965 serit
335 896 616 984 ‘despectantss,’
636 897 691 964 lrie
706 917 807 983 esque
829 917 872 964 se
887 914 943 964 ιιι.
956 897 1011 964 la.
1033 895 1127 976 ‘Qui
1146 896 1250 961 muris
1271 894 1331 961 ds·

240 1004 442 1085 spectantes,
458 1003 637 1084 postquam
658 1006 799 1065 uestros
812 1006 951 1083 paratus
965 994 1091 1083 pruelie
1104 995 1250 1061 rideut’.
1285 994 1333 1061 Et

240 1119 273 1167 e.
286 1100 341 1166 2⁰.
363 1104 374 1136 ‘
385 1099 471 1167 Cum
491 1119 594 1185 super
612 1099 1000 1185 irrururudespeetautes
1023 1098 1172 1182 trojani,
1191 1097 1333 1163 comita·

175 1276 179 1287 K
241 1210 310 1265 tum
325 1202 412 1286 regis
428 1201 536 1266 oeulis
549 1202 844 1287 prosequerentur!
863 1229 866 1235 ·
887 1202 941 1268 Its
954 1220 1033 1269 rere
1046 1208 1082 1265 et
1096 1196 1331 1265 Isiaxxxvr.

238 1301 294 1367 25.
316 1301 519 1385 ‘Regionum
540 1322 583 1369 ea
604 1305 750 1369 maxime
770 1304 947 1388 despectat
960 1301 1139 1387 oppidum,
1150 1298 1217 1385 qua
1230 1300 1333 1366 breve

238 1402 447 1470 intervallum
461 1405 603 1482 ridetur,
621 1412 655 1471 et
678 1406 794 1472 emula
808 1407 843 1472 iu
856 1412 1043 1490 conspeetu
1057 1400 1159 1469 suut!
1257 1408 1260 1415 '

284 1519 342 1569 ιιι.
363 1504 394 1569 l.
416 1504 485 1570 ‘At
507 1504 646 1589 Trojani
672 1525 750 1581 eum
777 1507 1000 1573 auxiliaribus
1025 1505 1173 1571 laxiores
1200 1503 1332 1581 militia,

237 1622 347 1687 neque
368 1606 459 1672 eirea
475 1608 672 1674 exercitium
688 1609 821 1685 soliciti,
830 1608 1008 1674 socordius
1021 1605 1171 1691 agitare!
1193 1604 1332 1671 Certum

237 1704 320 1770 mihi
348 1713 405 1771 est
423 1708 599 1792 scripsisse
621 1710 834 1795 Septimium,
858 1710 1010 1776 ‘laxiore
1023 1706 1165 1775 militis!
1208 1703 1332 1772 Solent

236 1806 325 1871 euim
350 1808 397 1873 ita
412 1807 571 1889 Veteres,
586 1815 621 1876 et
639 1810 787 1877 maxime
811 1811 993 1877 Sallustius
1014 1818 1049 1875 et
1072 1810 1226 1886 Tacitus.
1246 1806 1334 1872 Sall.

237 1906 317 1990 Jug.
331 1908 386 1973 25.
407 1908 597 1993 ‘legantur
618 1911 654 1976 iu
668 1908 821 1978 Africam
833 1913 980 1997 majores
989 1918 1081 1993 astu,
1095 1909 1243 1988 nubiles,
1258 1928 1333 1974 sm-

236 2006 306 2091 plis
319 2006 502 2075 honeribus
510 2009 532 2090 ς’
546 2011 604 2077 ubi
613 2016 728 2078 centra
736 2011 850 2079 Metus
862 2009 1057 2079 addiderant
1066 2012 1223 2079 Fditeres
1236 2010 1331 2075 ‘usi'

235 2108 292 2172 61.
315 2113 325 2142 ‘
341 2108 458 2176 Facile
474 2110 646 2179 Numidiie
670 2112 861 2198 persuadet,
876 2133 955 2180 eum
974 2114 1108 2195 iugenio
1120 2110 1247 2192 infido:
1261 2112 1332 2177 sei-

235 2208 315 2299 lieet
334 2208 473 2289 homiui,
499 2217 588 2279 ‘tum
614 2214 790 2293 metuenti,
811 2213 879 2293 ue,'
901 2216 962 2281 &a
984 2214 1038 2280 63.
1061 2212 1208 2281 ‘Novus
1228 2230 1330 2279 neme

235 2316 305 2377 tam
319 2311 442 2393 clarus,
456 2333 565 2399 neque
587 2319 656 2380 taur
683 2316 826 2399 egregiis
850 2315 948 2381 laetis
971 2316 1064 2382 erat’
1083 2316 1139 2382 at.
1155 2313 1331 2401 ‘Cupidus

233 2413 455 2498 uoluptatum,
469 2416 530 2481 sed
544 2416 657 2500 glories
680 2416 846 2500 cupidior,
867 2416 938 2483 otio
960 2417 1136 2484 luxuriose
1158 2414 1259 2484 esse!
1274 2430 1331 2480 rr.

235 2513 330 2582 Hist
344 2520 355 2551 ‘
367 2516 519 2602 Regnum
531 2517 681 2584 Persidis
694 2519 827 2603 iuclytis
842 2519 989 2599 diuuls’
997 2520 1089 2606 qued
1099 2521 1330 2588 ursle'mutaut

235 2615 387 2684 Faernus
412 2618 502 2703 apud
532 2617 762 2700 ciacconiuur,
782 2626 819 2684 et
846 2621 980 2700 Deuss,
995 2622 1029 2686 iu
1051 2621 1253 2705 ‘inclytum'
1273 2620 1330 2686 vel

235 2718 419 2804 ‘inelyte'
461 2719 531 2785 Sed
558 2728 593 2785 et
620 2720 703 2786 nihil
730 2720 926 2786 mutandum
955 2722 991 2786 in
1018 2721 1102 2788 Tae.
1131 2721 1224 2788 Hist-
1240 2737 1267 2787 1.
1291 2721 1328 2786 S.

233 2818 400 2886 ‘Cluvius
412 2821 463 2888 vir
484 2819 663 2900 ineundus,
675 2829 711 2886 et
734 2821 832 2906 pacis
854 2823 993 2901 sufibus
1007 2821 1089 2888 belli
1108 2821 1329 2908 inexpertus!

233 2919 305 2990 Ubi
330 2940 437 3006 neque
452 2922 619 2988 subaudio
637 2922 843 3008 ‘expertus’
864 2942 941 2989 eum
955 2922 1134 3001 Rheuaue,
1147 2943 1254 3009 neque
1266 2924 1328 2991 ad-

233 3020 373 3088 diderim
388 3022 537 3090 ‘clarus’
553 3043 628 3090 eum
644 3023 775 3090 Falirne
789 3031 827 3090 et
840 3024 1095 3108 vernansque
1107 3023 1227 3089 damae
1241 3025 1328 3110 quid

233 3130 315 3208 puto
341 3143 419 3189 eum
448 3123 589 3202 Murato,
614 3125 674 3190 sed
701 3124 960 3209 exportaturus
982 3125 1103 3191 artium
1130 3125 1241 3209 peeis,
1256 3145 1326 3190 seu

232 3225 332 3309 eujus
346 3232 436 3291 ertes
451 3231 544 3290 erant
557 3235 643 3292 artes
657 3225 764 3310 pacis.
805 3227 858 3292 lta
871 3226 960 3292 idem
981 3242 1023 3290 ιι.
1035 3226 1069 3292 a
1089 3226 1327 3294 ‘simulacrum

233 3332 333 3406 nee,
349 3346 418 3392 nun
440 3325 544 3412 effigie
564 3327 723 3407 humane,
745 3324 922 3394 eentiuuus
936 3327 1050 3394 erbis?
1092 3325 1182 3392 Vide
1194 3334 1228 3393 et
1241 3327 1337 3422 Gel-¹

230 3429 361 3513 liumv,
374 3427 408 3494 8.
450 3428 498 3493 Ut
512 3447 593 3494 vere
608 3429 664 3495 hie
679 3429 833 3495 ‘laxiore
851 3427 996 3509 militia,'
1009 3430 1062 3496 sie
1086 3428 1238 3495 ‘laxiore
1262 3431 1327 3496 im·
1398 3465 1401 3468 ·

232 3528 328 3613 perio
348 3529 470 3593 habere
480 3529 624 3605 milites:
637 3549 694 3615 ap.
709 3530 795 3596 Sall.
809 3530 890 3614 Jug.
902 3531 957 3595 6⁴.
1030 3537 1033 3541 '

276 3645 333 3695 ιιι.
354 3630 388 3694 5.
417 3626 495 3693 ‘Ae
508 3647 591 3695 mox
604 3631 740 3712 cognito
754 3651 815 3716 per
828 3632 1024 3697 uuiversum
1037 3632 1222 3698 exereitum
1235 3652 1325 3717 prse-

230 3731 312 3795 lium
327 3731 362 3794 iu
376 3746 418 3793 ea
431 3737 535 3813 parta,
546 3732 668 3814 reliqui
681 3731 784 3798 duees
797 3732 992 3807 confirmati,
1006 3733 1067 3796 ubi
1081 3734 1224 3816 quisque
1237 3754 1323 3819 pug-

229 3836 379 3906 naverat,
391 3823 537 3913 nudique
547 3849 589 3895 ee
599 3832 788 3900 eouduuut'
809 3834 867 3900 Sic
881 3833 990 3899 edidit
996 3830 1164 3917 Arupliss.
1174 3834 1324 3908 Obradr·

231 3925 305 3998 tus:
327 3930 363 3996 iu
376 3931 454 3996 aliis
470 3929 557 3996 Edd.
572 3932 693 4016 legitur
708 3933 871 4018 ‘praelia'
893 3932 996 4013 Quod
1009 3934 1040 3998 si
1054 3932 1139 3998 illud
1151 3952 1196 3999 ex
1208 3934 1323 4014 Mstis,

231 4032 304 4096 sive
316 4051 338 4096 a
351 4029 515 4110 Mereero,
535 4032 608 4098 sire
630 4034 673 4098 ab
689 4023 867 4114 Obreehte,
889 4038 942 4099 est
961 4033 1130 4112 haustum,
1150 4033 1205 4120 (ut
1219 4054 1323 4118 sugu-

231 4149 285 4197 rer
299 4153 310 4215 ;
331 4139 422 4204 certe
436 4133 524 4199 euim
542 4131 714 4203 Mereerus
734 4136 862 4217 scribit,
876 4135 997 4203 mulus
1011 4153 1050 4224 se
1063 4135 1213 4215 mendae,
1223 4135 1323 4205 eudi-
