2959 4875
540 356 661 409 suane
685 358 837 411 rnoron.
1187 327 1235 415 'ro

137 505 276 573 mittitur
289 502 448 588 mysos.
490 502 667 587 Iphigenia
689 524 713 571 a
735 512 838 571 matre
863 503 1049 572 ahdueitnr.
1085 490 1231 593 'Nuptiae

139 606 343 671 simulantur.
384 605 491 671 Sacra
505 612 674 689 parantur.
716 606 795 671 Dea
806 613 918 673 tamen
931 606 1072 673 miserta
1080 608 1230 691 viginta

138 704 281 771 hostiam
303 705 497 789 supposuit,
512 706 657 790 puellam
678 707 714 771 io
733 706 901 789 regionem
923 707 1090 773 transtulit
1109 708 1233 775 Tauri·

141 825 225 882 eam,
238 807 298 871 ahi
310 807 419 871 saeris
434 806 553 872 Dianae
568 806 727 891 praefecte
747 814 810 872 est.
851 807 934 873 Huc
947 826 1029 873 vero
1042 826 1121 873 oum
1133 816 1230 893 post·

139 906 273 971 modom
286 905 434 983 Orestes,
448 908 607 973 maternis
629 908 778 990 agitatur
794 906 891 973 furiis
912 907 1074 987 venisset,
1088 908 1229 993 jamque

137 1024 230 1071 more
241 1007 350 1089 gentis
373 1006 542 1091 Scythicae
566 1008 793 1073 immolandus
814 1015 953 1088 assata
972 1028 1087 1075 sorore
1105 1017 1160 1075 ost
1171 1028 1230 1094 ag·

5 1132 6 1135 ¹
138 1104 227 1171 nitus
248 1113 283 1172 et
296 1106 470 1171 liberatus.
514 1106 611 1185 nrox,
632 1106 746 1173 ablato
770 1107 894 1173 Dianae
917 1106 1110 1188 simulacro,
1129 1109 1229 1175 aniu-

138 1226 223 1289 gere,
245 1214 282 1272 et
303 1226 382 1273 eum
406 1208 442 1272 in
464 1207 596 1273 Italiam
619 1206 797 1273 errabundi
821 1208 1003 1288 venissent,
1023 1210 1060 1275 io
1086 1207 1229 1278 Ariciam

137 1326 272 1374 nemore
294 1308 332 1373 id
355 1308 572 1373 collocavere.
615 1307 809 1392 Euripiden,
829 1309 866 1374 in
884 1307 1035 1393 Iphigen.
1056 1311 1174 1379 Aulid.
1194 1318 1229 1379 et

137 1406 272 1473 Taurio·
287 1407 389 1474 ovid.
405 1424 477 1475 xri.
494 1409 634 1474 Metam.
648 1408 705 1474 30.
719 1408 856 1475 heret.
872 1427 897 1474 ι.
918 1410 1044 1493 Hygin-
1057 1410 1113 1477 ω.
1126 1410 1213 1479 Fen.

179 1506 356 1592 Iphigenia
388 1516 499 1575 tamen
525 1528 592 1575 non
626 1508 800 1587 translata,
821 1508 883 1574 sed
910 1528 989 1574 rere
1015 1516 1164 1577 mactata
1191 1520 1227 1577 et

133 1606 287 1689 jugulata
320 1608 455 1687 dieitur,
489 1608 633 1692 Virgilio
657 1624 697 1671 rr.
727 1608 808 1673 AEn.
829 1608 905 1673 116.
932 1608 1090 1691 Propert.
1115 1626 1171 1675 ιιι.
1193 1612 1227 1675 7.

138 1715 172 1773 et
186 1724 237 1771 ιι.
251 1710 284 1773 1.

181 1806 326 1873 Victima
341 1815 466 1886 antem,
480 1807 663 1893 Iphigenia
675 1804 867 1891 supposita,
882 1808 948 1875 suit
967 1820 1080 1875 cerva
1122 1803 1226 1875 Ouid.

5 1912 6 1939 ¹
135 1910 196 1975 lih.
208 1909 264 1975 eit
278 1910 332 1972 34.
345 1914 380 1973 et
402 1926 451 1973 ιν.
465 1908 571 1974 Triet.
586 1911 618 1973 4.
630 1910 688 1975 67.
710 1908 858 1974 Martini.
872 1924 929 1974 ιιι.
943 1910 997 1976 to.
1017 1918 1053 1975 et
1064 1909 1226 1977 Juvenal.

5 2036 6 2051 ι
137 2010 297 2075 xrr.120.
318 2008 372 2073 vel
382 2008 550 2092 juvencus
564 2009 641 2073 sire
653 2012 788 2088 taurns3
808 2009 901 2091 qnod
916 2009 1104 2091 Nicandro3
1126 2010 1182 2077 vel
1190 2017 1226 2077 et

137 2130 227 2189 ursa,
241 2110 331 2195 quod
346 2110 479 2193 placuit
493 2108 734 2175 Phoenoderuo.

180 2211 212 2275 N
215 2213 356 2277 nmisma
370 2210 435 2274 hoe
448 2208 495 2297 (si
510 2209 609 2275 modo
624 2227 690 2274 non
704 2207 834 2293 homor)
847 2208 947 2274 sicuti
958 2209 1052 2275 dedit
1069 2209 1231 2295 cuperus

5 2286 6 2321 ¹
136 2312 246 2395 (enjus
261 2312 394 2395 scriptis
415 2310 498 2375 nihil
524 2310 691 2390 exactius,
705 2307 956 2394 eruditiusque)
977 2310 1117 2377 Ohsorv.
1131 2325 1157 2375 ι.
1170 2310 1225 2377 12.

137 2414 182 2478 ita
194 2409 397 2488 Gronovius,
411 2409 512 2477 Thes.
525 2410 576 2476 lit.
592 2410 628 2475 S.
639 2410 672 2474 4.

364 2629 454 2696 xrr.
496 2626 689 2695 arnano
710 2627 997 2696 emissurus.
1056 2602 1060 2612 “

522 2764 600 2829 Lra.
616 2780 659 2828 ιι.
681 2762 770 2830 Gna.
786 2764 837 2830 14.

137 2897 286 2964 ‘Eadem
316 2905 516 2982 tempestate
544 2899 719 2964 oraculum
746 2899 862 2984 Pythii
891 2898 1023 2966 Graecis
1052 2895 1224 2982 perfertur,
1318 2893 1324 2904 ’

175 2998 423 3065 eoncedendum
440 3001 483 3064 ab
507 2999 675 3077 omnihus,
688 3000 737 3064 uti
760 3017 822 3082 per
836 2997 1054 3064 Palamedem
1069 2995 1222 3083 Apollini

178 3098 343 3164 Sminthio
357 3098 559 3164 sacrificium
572 3099 803 3164 exhiberetur!

176 3232 418 3306 monoarnrs
440 3231 540 3317 hujus
563 3231 722 3314 originem
746 3230 932 3297 luculenter
957 3229 1051 3295 dedit
1069 3225 1112 3293 ad
1127 3223 1222 3292 Hah.

135 3332 261 3400 Goltaii
275 3329 389 3396 Graan.
404 3331 467 3396 ins.
481 3330 535 3395 14.
560 3331 647 3396 Tah.
671 3329 801 3397 Ludos.
825 3331 999 3410 Nonnins;
1020 3349 1064 3394 ex
1077 3345 1146 3412 quo
1161 3346 1223 3391 no·

134 3437 202 3498 tata
223 3429 267 3496 ad
288 3431 378 3496 huno
399 3430 624 3497 Tenediorum
648 3431 830 3496 Nummum
852 3429 1058 3496 solummodo
1071 3434 1223 3512 repetere

133 3537 305 3718 ⁰⁰¹:hsptrlotlllln
332 3631 433 3715 igitur
460 3631 646 3698 sminthius
675 3631 751 3697 sire
778 3629 984 3706 Smintheus,
1012 3646 1035 3695 a
1060 3631 1223 3708 muribus,

132 3753 220 3819 quos
236 3729 372 3816 Σμίνθους
387 3733 603 3817 appellabant
616 3732 733 3796 AEoles
747 3737 781 3796 et
789 3729 939 3815 Trojani.
960 3725 1088 3794 Verum
1102 3728 1224 3814 appol·
1329 3789 1335 3798 .

131 3835 267 3902 lationis
292 3851 432 3897 cansam
461 3831 525 3897 hoe
560 3832 663 3898 modo
693 3831 864 3896 memoria
891 3830 1029 3896 tradidit
1055 3829 1224 3909 AEiianns,

133 3937 223 4003 Hist
238 3933 354 3999 Anhn.
371 3945 441 3995 xrr.
456 3933 490 3998 o.

173 4035 261 4104 Cum
282 4033 426 4098 mnrium
454 4049 576 4116 magna
596 4029 649 4098 ris
677 4027 891 4098 AEolensinm
923 4048 967 4096 ec
1001 4027 1225 4113 Trojanorom

133 4137 371 4223 popularentur
399 4151 491 4214 arva,
520 4135 781 4220 immaturaeque
817 4135 948 4217 segetes
984 4135 1224 4210 nomomerent,
