2959 4875
237 306 260 368 6
646 320 697 368 ru
722 318 933 368 nnorousu.

238 464 358 545 Dictys
374 480 453 525 vero
465 459 664 527 decennium
678 465 806 523 tuntum
823 460 929 542 ponit,
945 478 1062 542 nempe
1083 478 1201 524 novem
1223 480 1327 544 expe·

238 562 363 637 ditioni,
378 562 541 627 decimum
562 560 659 623 hello.
712 559 863 641 Tragicis
876 560 978 623 etiam
997 559 1175 643 aliquando
1190 562 1326 637 insistit,

237 677 376 743 quorum
393 662 540 725 omnium
553 659 752 725 illustriores
766 658 897 723 fabulas
913 660 1055 741 attingit,
1066 680 1133 723 ase
1147 660 1327 743 interpola-

237 772 293 825 tus
307 762 500 844 plerumque
516 767 550 824 et
565 761 747 844 expolitus.
791 759 922 849 Graues
943 760 1122 824 conciones
1135 759 1276 837 eddidit,
1290 769 1328 826 et

237 862 306 928 alia
330 862 476 927 historice
498 866 693 925 ornamenta
716 859 936 926 lucidissime„
979 860 1063 943 Ejus
1073 859 1222 925 elocutio
1237 861 1328 925 lutu-

235 963 324 1025 lenta
349 960 553 1043 plerumque,
581 964 618 1023 nt
644 958 718 1041 ejus
743 960 860 1023 saeculi
883 980 952 1042 quo
982 961 1129 1042 scripsit,
1153 960 1213 1024 sed
1238 960 1326 1025 unde

235 1070 347 1126 tamen
358 1060 485 1143 aliquid
497 1059 607 1136 tollas,
622 1062 747 1143 quippe
762 1078 839 1142 quse
854 1060 1111 1143 elegantissimis
1124 1062 1326 1144 optimorum

236 1161 435 1243 scriptorum
468 1159 617 1225 flosculis
648 1158 809 1223 distincta
847 1160 900 1223 sit.
959 1160 1046 1224 Post
1073 1158 1327 1225 Constantinum

237 1260 395 1341 Magnum
412 1261 590 1342 scripsisse
607 1267 706 1341 putat
720 1256 882 1336 Vossius,
897 1268 935 1323 ut
952 1260 1029 1325 Jos.
1044 1258 1216 1325 Monoecus
1239 1261 1326 1324 veri·

237 1362 380 1426 similius
391 1362 500 1444 ipsius
509 1360 720 1425 Constantini
736 1365 901 1435 atamen
917 1360 1072 1443 Epistola
1086 1378 1164 1442 quae
1175 1357 1323 1427 Arcadio

237 1462 375 1529 Consuli
390 1460 501 1526 dicata
515 1460 627 1523 libello
636 1444 861 1541 prae'ponitur3
875 1477 953 1523 enm
962 1460 1047 1524 euim
1059 1458 1242 1525 Arcadium
1257 1462 1324 1525 sub

236 1566 314 1647 ipso
326 1562 542 1627 Constantini
556 1560 671 1641 Magni
680 1560 820 1641 imperio
830 1560 1045 1625 consulatum
1053 1561 1200 1641 gessisse
1208 1569 1324 1627 notum

235 1672 301 1727 est.
344 1662 464 1744 Dictys
482 1662 650 1725 Cretensis
676 1680 796 1726 nomen
821 1662 953 1737 asciuit,
966 1664 1047 1744 quia
1070 1668 1207 1726 noverat
1220 1662 1326 1726 inisse

235 1763 314 1827 olim
334 1762 465 1845 Dictynr
480 1761 681 1839 Cretensem,
700 1761 870 1827 idomenei
884 1762 1053 1839 comitem,
1063 1782 1202 1845 eumque
1217 1761 1323 1827 literis
1407 1838 1415 1852 ι

235 1862 410 1927 mandasse
425 1880 503 1944 quae
516 1871 552 1926 et
565 1864 638 1944 ipse
652 1863 794 1940 uiderat,
816 1872 852 1929 et
871 1883 1011 1947 quorum
1026 1865 1128 1929 etium
1152 1883 1231 1947 pars
1250 1863 1322 1929 fue-

233 1970 294 2029 rat.
340 1961 452 2044 Hujus
482 1980 601 2026 nomen
629 1964 786 2027 mentitus
806 1972 857 2030 est
881 1967 959 2031 item
983 1965 1070 2029 nlius
1094 1964 1237 2047 scriptor
1260 1965 1323 2047 qui

234 2061 372 2125 eandem
397 2061 571 2125 historiam
596 2060 715 2126 Graeoe
738 2064 858 2140 texuit,
879 2069 918 2129 ut
943 2071 996 2129 est
1013 2065 1103 2146 apud
1127 2064 1267 2131 Suidum
1286 2072 1323 2129 et

232 2161 400 2229 Tuetaem.
443 2161 496 2225 De
524 2170 602 2225 vero
625 2161 729 2243 Dicty
753 2160 828 2227 vida
853 2181 932 2244 qnoe
959 2163 1047 2227 inira
1068 2182 1113 2227 ex
1126 2161 1257 2237 Vossio
1277 2163 1322 2228 de

232 2263 403 2327 historicis
420 2262 561 2327 Graeois.
605 2262 657 2325 De
672 2281 746 2326 meo
773 2268 882 2328 autem
906 2264 1011 2328 hocce
1030 2264 1144 2329 labore
1165 2264 1247 2329 nihil
1265 2271 1320 2329 est

233 2364 324 2446 quod
339 2361 428 2446 apud
451 2370 485 2427 te
510 2381 618 2444 egum
632 2361 761 2440 Lector,
776 2382 851 2429 cnm
872 2362 914 2427 do
937 2369 1009 2429 tota
1030 2365 1135 2429 hacce
1150 2384 1320 2430 commen·

232 2464 325 2528 tandi
339 2465 468 2530 ratione
481 2462 556 2546 jam
569 2463 698 2527 abunde
712 2464 833 2544 οςοτίω
849 2464 938 2547 apud
956 2463 1103 2542 Florum,
1127 2485 1194 2547 quo
1215 2465 1321 2530 tihen-

233 2575 285 2628 ter
297 2571 329 2628 te
342 2565 486 2639 remitto,
500 2581 540 2625 ue
550 2562 604 2627 hic
616 2581 658 2626 ea
670 2561 789 2644 frigide
802 2563 917 2628 videar
930 2575 1090 2648 repetere,
1104 2573 1141 2630 nt
1150 2567 1186 2628 in
1199 2566 1319 2632 landes

233 2665 295 2727 viri
317 2663 536 2729 illustrissimi
552 2668 585 2726 et
609 2663 859 2746 sapientissimi
876 2663 1097 2731 Montuuaerii
1114 2665 1237 2744 Ducis,
1252 2667 1320 2732 Sn-

148 2783 158 2796 ·
235 2781 432 2829 nnurssrur
450 2764 642 2829 onmium
668 2763 903 2842 Moderatoris,
917 2785 1104 2839 excurram,
1118 2767 1178 2849 qui
1192 2767 1318 2833 virtute

232 2885 296 2930 suu
305 2885 409 2947 supra
418 2864 535 2928 laudes
550 2883 664 2929 omnes
674 2870 811 2930 evectus
824 2874 887 2930 est.
930 2867 976 2930 Et
990 2886 1033 2931 oe
1048 2867 1147 2932 etiam
1162 2868 1205 2932 de
1216 2867 1319 2934 Illus-

231 2965 375 3030 trissimo
400 2972 433 3028 et
462 2963 756 3030 Reverendissimo
779 2967 850 3030 viro
873 2966 1112 3032 condomiensi
1133 2967 1318 3054 Episcopo,

230 3067 476 3130 Ssusurssrur
495 3063 687 3128 Dncrrrrur
706 3063 929 3149 Praeceptore,
948 3074 985 3130 et
998 3067 1076 3132 tidei
1090 3066 1255 3135 Romanae
1265 3073 1317 3136 in·

231 3165 461 3248 geniosissimo
483 3164 624 3240 uindice,
646 3165 701 3228 hic
722 3165 847 3248 aliquid
869 3168 997 3250 loquar,
1010 3168 1119 3251 deque
1134 3170 1316 3251 perillustri

231 3273 267 3330 et
281 3264 457 3330 admodum
481 3261 524 3327 R.
541 3263 583 3326 D.
599 3263 729 3329 Hoetio
745 3263 878 3332 Abbata
893 3266 1075 3344 Alnetensi,
1088 3268 1122 3332 in
1136 3270 1315 3338 earundem

230 3384 378 3430 curarum
395 3369 522 3447 partem
544 3364 665 3440 accito,
687 3371 724 3429 et
745 3367 911 3449 religionis
926 3367 1126 3434 Christianae
1148 3378 1314 3437 assertore

230 3465 402 3540 acerrimo,
417 3482 502 3546 quos
520 3482 635 3528 omnes
648 3464 808 3530 divinitus
823 3487 886 3532 sua
895 3474 1008 3532 manet
1020 3468 1106 3532 lans.
1149 3469 1216 3534 Sed
1228 3470 1315 3538 illud

228 3569 356 3630 tantum
376 3567 408 3626 te
422 3563 514 3638 volo,
531 3563 661 3640 Lector,
676 3571 714 3628 ut
733 3586 811 3648 quae
824 3568 857 3630 in
882 3567 1082 3648 perlegendo
1103 3587 1206 3652 opere
1223 3587 1313 3637 nme

229 3670 371 3748 peucma
399 3662 634 3744 deprehendes,
652 3683 700 3730 eu.
718 3667 884 3746 ignosces,
906 3686 1015 3750 eoque
1037 3667 1204 3734 lubentius
1219 3673 1312 3753 qnod

228 3782 328 3827 nemo
342 3762 396 3826 hic
411 3763 488 3828 mihi
508 3764 615 3828 facem
631 3765 766 3843 alluxit,
781 3787 857 3850 qnae
871 3768 979 3851 prima
992 3768 1188 3835 historicum
1208 3770 1310 3837 istum

228 3863 472 3928 commentariis
486 3864 650 3932 illustrare
665 3862 821 3949 aggressa
836 3888 923 3932 sum.
958 3867 1055 3932 Vale.
