2959 4875
264 264 289 327 2
574 271 807 323 nnoroaraus
831 272 920 321 nnn.
942 272 1066 321 surus.

313 436 348 481 v.
372 417 524 499 Denique
538 434 581 480 ne
595 416 693 499 cujus
705 416 777 480 hsce
794 421 863 479 tam
878 413 983 479 nitida
997 419 1107 495 egeret
1119 412 1238 491 editio,
1252 413 1356 478 Num-

269 538 356 595 mos,
384 516 556 595 Gemmns,
581 534 623 580 ac
655 514 837 591 Marmora,
863 535 884 578 e
914 515 1082 578 rariorum
1110 515 1358 579 commentariis

269 620 389 701 petitu,
420 615 580 697 singulari
616 615 760 681 artifieio
804 615 940 691 coeluta,
971 635 1037 679 non
1075 615 1149 679 sine
1177 616 1357 692 sumtibus,

268 718 335 781 hue
364 714 604 791 transtulimus,
638 716 941 798 commentatioque
970 714 1042 799 (cui
1078 734 1199 779 nomen
1245 716 1359 781 Scena

268 814 483 897 Troiou)non
505 814 745 909 spinoso,non
768 816 924 890 obscuro,
939 833 1006 879 non
1028 815 1179 897 ancipiti,
1193 816 1359 898 explana-

269 935 391 982 rimus.

311 1015 527 1081 Subnectitnr
555 1034 688 1097 quoque
717 1014 836 1080 ceteris
859 1014 1119 1081 Proeiutionibus
1143 1016 1184 1080 de
1212 1017 1356 1101 Dictyos

269 1116 382 1181 Graeci
412 1114 533 1179 Iatino
556 1115 735 1197 interprete
762 1115 927 1197 Septimio
952 1116 1153 1180 Dissertatio
1178 1118 1357 1197 Perizonii,

269 1219 325 1281 cui
340 1217 384 1280 ob
404 1214 604 1295 singularem
617 1214 652 1278 in
666 1214 768 1279 literis
782 1215 945 1278 fervorem
969 1234 1011 1280 ac
1025 1215 1232 1299 diligentiam
1244 1221 1358 1284 nobis·

269 1336 355 1392 cnm,
372 1312 507 1379 candidi
521 1314 691 1391 Lectores,
706 1316 826 1379 merito
837 1315 949 1398 jnstas
964 1317 1062 1397 agitis
1075 1318 1211 1399 gratias.
1342 1384 1345 1389 ,

310 1416 422 1499 Atque
442 1416 514 1481 haec
534 1422 614 1479 sunt
627 1436 705 1499 ane
725 1416 770 1481 ad
785 1436 849 1481 vos
871 1417 1023 1482 modeste
1045 1419 1217 1500 praefundu
1242 1440 1358 1504 opcrae

267 1514 591 1598 pretiumdnximus.
634 1514 711 1580 Vos
733 1517 864 1581 interim
889 1517 1002 1582 lubore
1024 1525 1136 1583 nostro
1159 1519 1356 1604 (ludibrium

268 1616 313 1680 sit
335 1615 414 1680 licot
435 1614 588 1699 invidire)
610 1617 769 1695 fruimini,
797 1624 1003 1701 conatusque
1028 1638 1120 1683 meos
1139 1619 1174 1682 in
1204 1622 1357 1704 Scripto-

164 1718 168 1729 '
267 1716 357 1778 ribus
374 1714 500 1779 Latinis
519 1715 745 1781 illuminandis
758 1722 872 1781 vestro
890 1717 1006 1783 favore
1027 1723 1062 1801 et
1085 1720 1254 1801 applausu
1275 1742 1357 1805 pro-

267 1819 408 1879 movete.
