2959 4875
426 383 474 428 ns
501 382 620 430 nsnco
644 364 815 428 rnolsno
841 371 911 429 cro.
935 380 990 427 ιιι.
1180 364 1245 428 441

161 527 201 590 ln
215 527 316 590 flores
331 531 483 591 crescant
496 527 607 591 varios
620 543 628 588 :
651 526 789 603 incensa
803 523 961 608 cythera

160 628 289 692 Idalias
304 628 466 704 volucres,
483 626 586 712 Cypri
601 626 658 710 thy
694 646 726 704 a,
744 627 911 710 Pergama
923 616 1073 708 vincent:
1201 625 1245 690 35

161 729 229 793 His
243 731 372 808 mentis,
387 729 440 793 his
453 728 499 814 (si
515 733 632 813 quate
684 726 736 813 p),
749 728 939 794 veneranda
954 728 1074 804 Dione,

158 830 257 896 Adde
271 831 368 895 fidem
383 832 476 907 visis,
489 807 754 914 spnffiimomor,
767 829 853 903 eddo
866 829 1026 906 savorem,

159 933 310 998 Solotam
323 933 430 997 solare
445 922 598 998 denium:
620 951 688 996 non
702 932 874 1015 improbos
887 951 960 1009 oro,

158 1035 208 1100 Ut
222 1041 299 1100 tous
314 1034 468 1100 Inachias
482 1033 599 1117 praedo
614 1033 785 1116 praedetur
800 1034 956 1098 alumnas

159 1135 310 1200 Hesione
326 1141 502 1200 contentos
517 1141 591 1200 eat:
614 1135 769 1199 Tritonia
782 1141 875 1200 certo

158 1237 238 1302 Non
252 1243 358 1320 neget,
373 1239 499 1321 hosque
512 1238 593 1302 velit
608 1237 724 1301 molior
736 1236 893 1302 Saturnia
906 1241 1033 1318 raptos.

158 1337 249 1404 Olim
265 1339 358 1406 Asiae
374 1339 448 1417 (sed
464 1339 546 1424 qnid
562 1339 698 1422 vulgato
713 1327 754 1404 ac
768 1337 877 1403 flenda
889 1332 1068 1418 revolvet)

158 1440 492 1533 Glaruitimperium:
515 1439 809 1523 formidandusqne
828 1439 977 1521 Pelasgis

158 1542 275 1626 Phryx
291 1549 381 1623 erat;
406 1544 537 1607 inversa
550 1548 603 1606 est
616 1547 711 1608 vetus
726 1544 820 1607 alea:
841 1543 982 1624 respice,
997 1540 1097 1616 Divo,

157 1644 329 1710 AEneadas
342 1645 500 1710 miserare
513 1651 612 1709 tuos:
634 1645 683 1708 sic
698 1642 790 1708 satos
805 1643 839 1706 in
853 1643 947 1724 ignes
1183 1637 1246 1704 ’45

158 1745 323 1828 Hyblaeas
335 1745 474 1812 inclinat
487 1765 578 1830 opes,
588 1746 771 1830 Jejunaque
786 1745 919 1827 spirans

159 1845 267 1912 Nidor
280 1848 444 1914 odorifero
458 1848 583 1913 solatur
595 1847 703 1912 sidera
718 1846 821 1910 sumo.

198 1947 221 2011 J
224 1967 278 2013 am
293 1951 382 2015 votis
396 1950 569 2034 sacrisque
582 1949 713 2026 modus,
723 1948 798 2032 jorn
811 1948 903 2013 sessa
917 1946 1054 2012 reclinat

159 2047 312 2116 Flamma
325 2053 458 2135 apices:
482 2052 567 2116 elios
582 2049 736 2115 Helenus
751 2050 934 2134 prorumpit
947 2051 980 2113 in
991 2053 1107 2125 cestus,

156 2151 444 2238 Bacchontomquo
460 2154 572 2219 Deum
586 2151 742 2234 flagranti
756 2158 889 2236 pectore
903 2157 1037 2227 nactos,
1200 2149 1244 2212 50

155 2251 301 2320 Vocoles
316 2255 484 2340 tripodum
497 2255 603 2321 furias
619 2257 826 2337 angustatis
840 2272 930 2331 osus,

645 2523 754 2573 NOTAE

188 2656 220 2701 36
230 2651 279 2701 rto
286 2651 462 2719 morticinio&
472 2652 680 2718 quaternales]
751 2657 785 2703 44
801 2653 899 2702 levem
915 2656 952 2700 eet
967 2654 1033 2700 mn
1050 2647 1114 2711 elce]
1135 2648 1244 2699 Prover-

156 2728 238 2777 ¹Visa
255 2726 362 2781 mentie'
379 2726 516 2778 referenda
528 2730 560 2779 ad
579 2730 680 2779 Paridis
720 2726 908 2777 blomredolet.
924 2722 1167 2788 lteVlrg.‘t'ortnne
1177 2723 1245 2789 fuit,'

150 2802 289 2865 judicium,
306 2802 354 2851 niet
369 2804 440 2867 legar
451 2802 549 2868 moitis,
561 2810 588 2853 et
605 2803 637 2853 ed
648 2805 679 2853 lt·
720 2816 769 2853 vrr.
782 2802 881 2853 AEneid.
892 2802 956 2851 Tse.
972 2815 998 2851 v.
1016 2800 1086 2850 Aac·
1103 2801 1192 2850 ‘rem
1203 2809 1246 2850 ert

155 2879 257 2930 binim
269 2878 375 2930 reseras.
718 2879 837 2931 dertona!
851 2880 930 2930 Πόλει
937 2878 991 2929 sdr'
997 2877 1060 2938 ἦσαν
1066 2877 1245 2940 umam-

186 2958 217 3005 47
235 2955 320 3019 Spcnei
329 2956 427 3019 mer]
445 2954 565 3005 Prominet
580 2954 613 3005 de
625 2956 678 3007 He·
718 2974 775 3018 σωι,
791 2957 976 3022 Aristophanae
991 2956 1080 3007 Plato.
1097 2956 1195 3005 Lucan
1207 2968 1246 3004 vr.

154 3030 229 3081 lene:
247 3032 307 3081 vel‘
320 3029 444 3096 sponsor'
457 3040 498 3081 est
509 3029 645 3081 Anchises.
718 3034 793 3083 initio
809 3034 914 3097 ‘placet
932 3032 988 3081 elea
1007 3030 1083 3081 feti!
1104 3036 1133 3080 et
1151 3030 1244 3081 Petro·

186 3111 218 3156 48
235 3106 343 3157 dotatam
352 3106 542 3169 coleredomurr]
567 3106 610 3157 lte
627 3108 678 3156 Pa·
719 3110 785 3171 cine,
810 3107 926 3159 ‘Judiee
947 3106 1050 3157 fortune
1077 3106 1153 3156 cedat
1170 3106 1243 3155 alea'

155 3182 355 3246 pinintioerrr.
366 3182 512 3231 ‘Toeolere
522 3180 620 3245 virum:
631 3196 679 3246 pro
718 3185 760 3235 Ita
771 3184 857 3235 Jolice
875 3182 964 3233 Cesar
980 3182 1048 3247 epod
1064 3182 1198 3232 Plutarch.
1215 3180 1245 3231 tr

153 3258 296 3309 consolare.
321 3258 427 3307 Festus:
439 3256 534 3306 ‘solari
545 3257 600 3306 stne
613 3272 678 3320 pra·
718 3259 816 3323 eppes-
825 3256 906 3314 κύβος.

154 3334 280 3397 positione
297 3333 393 3383 dixisse
411 3334 540 3397 antiquos,
554 3334 680 3383 tostirest
750 3339 781 3384 47
808 3335 888 3384 Nidor
912 3333 1028 3394 doe'p‘m
1052 3334 1142 3382 soletur
1166 3335 1245 3385 alena

155 3410 292 3471 Pacuvius,
309 3424 366 3459 curn
385 3410 431 3471 ait,
445 3409 558 3469 Solatur,
572 3409 677 3457 auxilia·
710 3410 792 3473 semo]
814 3410 882 3460 Vide
894 3422 1011 3474 copres.
1024 3412 1064 3459 le.
1082 3410 1244 3461 Lactantiom

156 3486 382 3550 lor,lrorteturqne
393 3483 452 3533 rne’
466 3483 510 3533 Sic
520 3496 546 3533 ν.
556 3488 609 3533 149.
625 3485 676 3533 Pa·
718 3488 744 3536 tn
756 3487 844 3550 prioris
855 3492 884 3536 et
893 3486 974 3535 clem.
987 3484 1061 3535 Alex.
1077 3484 1154 3534 dictio
1170 3486 1244 3537 locis.

154 3561 257 3625 pinine:
273 3560 675 3623 ι1414111ιιιιίιιιιιιεοΙειτοιίυιιιοι,
715 3562 876 3611 ‘Narlnoeor
907 3561 1072 3625 appellarunt
1092 3561 1180 3626 Deos,’
1207 3564 1244 3613 eit

147 3638 323 3701 juvenumque
350 3650 487 3702 renumque
506 3638 675 3700 Proeclpttare
716 3638 792 3688 Lacr.
801 3653 828 3688 v.
839 3642 878 3688 12.
888 3638 972 3702 ‘qnod
981 3636 1102 3687 odoribus
1112 3638 1244 3688 thorinco-

152 3712 242 3773 coloe‚'
257 3726 303 3776 pro
322 3710 449 3774 desolare,
465 3720 493 3761 nt
504 3714 576 3777 virg.
595 3714 675 3778 ‘qnos
716 3710 1132 3777 lantnr.'0rptreoslrlnct‘crtaese
1139 3713 1245 3777 hymnos

152 3790 322 3840 desolavimus
340 3788 431 3850 agros!
462 3787 576 3837 Soletum
595 3790 675 3840 morbl
716 3786 1067 3851 snosoopodperaentl'rmina
1078 3786 1217 3850 inscripsit.

151 3878 232 3927 geon:
244 3864 314 3928 epod
324 3860 444 3924 eundern,
457 3874 472 3911 ι
483 3876 534 3926 qno
545 3862 631 3912 Pllnlo
641 3878 676 3912 eo·
748 3867 780 3912 dl
799 3862 1013 3927 ltr'podensrriu
1021 3866 1134 3924 emutat
1143 3862 1169 3910 ie
1177 3862 1243 3926 eru]

152 3940 198 3988 loti
209 3952 287 3989 mx.
297 3943 322 3990 4.
341 3937 384 4003 qni
399 3950 432 3986 ex
447 3936 514 3986 Solis
525 3938 610 3986 calore
620 3939 676 4000 ton-
716 3942 760 3990 De
770 3940 882 4003 'l'rlpode
892 3946 920 3988 et
931 3938 1039 3988 Cortice
1050 3936 1108 3986 ride
1118 3937 1243 4001 Scellger.

152 4014 218 4065 nider
228 4014 288 4065 inde
296 4014 380 4063 dietas
390 4013 415 4062 ln
423 4012 489 4062 facie
496 4012 600 4063 haunt.
616 4015 677 4064 Pol·
717 4016 826 4080 conject-
845 4015 967 4063 Bernart.
987 4014 1018 4061 ad
1036 4012 1156 4063 Statium.
1171 4014 1242 4065 ‘An-

151 4091 234 4140 loiret
247 4089 360 4155 Hesyclt.
375 4090 400 4137 io
419 4086 511 4150 Ιφηλιε.
545 4088 677 4140 Nicander
717 4087 1242 4155 gorrat’dranbpe‚ntangnsto‚qsoln:-
1300 4078 1307 4093 '

153 4165 178 4213 in
194 4164 348 4229 Therapeor.
365 4162 430 4223 luel
449 4162 677 4232 ἔφηλινοηλπίρῃε
716 4167 813 4217 cretius
825 4168 922 4215 utitur:
939 4164 1091 4227 nme-rto
1101 4172 1196 4227 tanen,
1212 4175 1242 4218 ot

153 4239 588 4309 δχθγὴνχροιῇςᾶπεμόρεατολευιήν.
717 4243 798 4293 molle
818 4242 877 4299 elie,
889 4240 1006 4291 redolet:
1031 4240 1099 4291 idern
1118 4242 1241 4306 estquod
