2959 4875
188 324 262 391 vate
640 334 850 385 arrrsmx.

200 496 357 561 ammoto
367 488 500 574 judicio
515 487 725 553 emaculatus
740 488 869 572 pariter
880 492 979 571 atque
991 486 1187 561 iilustratns,
1206 505 1293 564 eum,

197 592 235 657 in
251 610 319 675 quo
335 610 424 655 nuno
440 595 623 673 comparet,
641 586 851 673 splendorem
873 588 1020 671 accepit.
1063 588 1148 671 Ipsa
1164 589 1293 653 resdo·

199 694 303 772 uehit,
325 700 360 757 et
381 692 542 777 subjectat
567 691 677 757 textui
700 696 804 767 notre,
826 690 909 774 qnid
935 690 972 755 in
992 689 1058 755 irae
1078 689 1225 754 editione
1247 690 1293 754 sit

188 794 401 879 praestitum,
426 792 594 877 adquam
621 790 743 857 codex
764 790 879 857 hiatus
900 790 1123 856 Bibliothecae
1145 790 1292 873 publicae

200 894 501 979 Argentoratensis,
515 893 596 960 iicet
614 894 690 979 ipse
710 912 778 959 non
791 895 917 979 ubique
931 894 1028 959 boum
1040 900 1141 969 notae,
1159 910 1221 956 nee
1235 912 1293 955 ve·

198 998 338 1063 tnstatis
353 998 485 1081 primae,
499 996 616 1061 multia
629 1002 740 1061 tantan
754 997 790 1061 in
800 996 891 1061 locis
902 996 1009 1061 iucem
1025 994 1180 1078 praetulit.
1222 992 1292 1057 Ac·

129 1108 133 1113 '
184 1099 301 1163 cessit
325 1096 444 1181 Diutyi
457 1097 595 1163 Daretis
620 1096 758 1183 Phrygii
771 1096 814 1162 de
835 1096 981 1163 Excidio
1001 1095 1114 1181 'l'rojoe
1129 1093 1292 1171 Historia,

200 1219 271 1279 sen,
285 1201 316 1265 si
326 1202 447 1278 maris,
462 1200 630 1266 Periocha
644 1200 804 1265 carminis
818 1198 924 1277 iliius,
934 1196 1200 1283 quodaexliirris
1207 1195 1291 1263 His·

199 1299 319 1365 toriam
336 1300 378 1365 da
393 1298 492 1365 Bello
505 1298 656 1383 Trojano
671 1299 823 1377 exhibet,
837 1307 875 1365 et
889 1299 1033 1384 expioaa
1040 1300 1113 1384 jam
1127 1296 1257 1382 pridem
1269 1318 1292 1362 a

186 1402 311 1467 doctis
331 1401 560 1487 inscriptione,
580 1400 725 1467 Cornelii
748 1400 895 1485 Nepotis
915 1418 1038 1465 nomen
1057 1400 1199 1484 praeiret,
1213 1418 1291 1464 cnm

197 1521 299 1568 verus
313 1502 385 1587 ejus
398 1508 515 1568 auctor
535 1502 583 1569 sit
602 1500 776 1587 Jorepirna
796 1500 983 1580 Duronius,
1001 1500 1200 1576 sisennus,
1220 1498 1292 1565 Au·

199 1603 291 1685 gius:
325 1622 369 1669 ex
390 1622 459 1688 quo
485 1622 589 1691 opere
612 1604 643 1669 si
664 1604 934 1670 consarcinatam
951 1602 1029 1686 quia
1049 1602 1135 1667 itanc
1157 1602 1292 1667 Daretis

187 1724 332 1788 prosam
358 1704 496 1785 dixerit,
509 1708 610 1773 nobis
630 1726 699 1791 non
719 1704 818 1771 vaide
841 1706 959 1771 invitis
976 1704 1014 1768 id
1034 1704 1102 1771 iiet
1145 1702 1191 1767 Et
1212 1722 1289 1769 eum

198 1808 334 1892 quidem
349 1809 518 1887 Daretem,
533 1808 626 1893 qnod
640 1808 804 1875 hactenus
817 1807 1011 1874 individuus
1022 1824 1136 1873 cornus
1145 1806 1291 1889 Dictyoa

197 1908 274 1986 fuit,
288 1909 394 1974 eidem
411 1930 500 1975 nuuc
515 1929 649 1997 quoqne
662 1910 840 1996 adjungere
851 1910 960 1975 visum
974 1916 1037 1987 ost,
1048 1914 1183 1993 propter
1195 1928 1292 1991 argu·

197 2011 301 2076 menti
317 2008 582 2091 similitudinem,
597 2030 791 2097 quanquam
801 2010 1186 2095 ceteraiilinentiqnam
1200 2030 1292 2076 com·

197 2110 393 2197 parandum.
437 2112 478 2177 ln
494 2121 567 2179 totu
580 2122 690 2180 autern
708 2115 773 2179 irae
791 2114 941 2179 editione
959 2114 1103 2198 Dictyos
1115 2112 1292 2197 'lypogra-

197 2212 266 2299 pho
281 2220 317 2277 et
328 2213 428 2279 uobis
441 2232 483 2279 aa
494 2215 568 2281 sola
582 2232 663 2279 cura
683 2216 756 2293 init,
770 2219 924 2299 utquam
938 2214 1231 2280 emendatissimus
1245 2234 1293 2281 ex

197 2314 330 2381 officina
342 2315 505 2401 prodiret,
520 2324 557 2381 et
577 2318 743 2383 studiose
757 2317 953 2383 iuventutis
967 2312 1088 2383 usibus
1101 2334 1290 2383 meorum·

196 2414 312 2495 datus,
326 2418 520 2504 adjunctum
542 2419 645 2485 etiam
666 2418 805 2485 haberet
826 2418 976 2486 indicem
997 2439 1106 2486 rernm
1121 2426 1291 2486 etvoenm

196 2519 471 2606 locutionumque
501 2523 729 2604 insigniorum,
757 2524 793 2587 in
820 2522 1045 2608 quibuscum
1072 2520 1290 2586 Sallustiana

196 2619 393 2688 imitationis
413 2641 480 2688 non
502 2625 649 2690 obmura
669 2634 857 2710 appareant
876 2624 1029 2706 uestigim
1041 2625 1079 2690 iu
1091 2624 1165 2702 ilia,
1176 2623 1290 2709 quoad

197 2717 269 2786 fieri
283 2723 394 2805 potnit
411 2724 447 2788 iu
465 2724 588 2804 indice,
602 2725 743 2808 digitum
760 2725 974 2793 intendimus·
1015 2725 1191 2811 Siquidem
1207 2743 1291 2790 uou-

196 2823 277 2888 nihii
298 2827 400 2889 etiam
424 2827 488 2890 hoo
511 2827 555 2890 ad
577 2827 893 2894 commendationem
916 2828 1062 2913 Dictyos
1075 2827 1190 2894 iacere
1203 2829 1291 2894 arbi·

197 2923 275 2988 trati
297 2941 426 3004 snmus,
440 2928 470 2991 si
492 2927 726 3008 ostenderetur,
741 2947 818 2994 eum
839 2948 917 2996 cnm
939 2931 1078 3015 optimis
1095 2930 1290 2995 auctoribus

196 3024 303 3090 aiieno
317 3025 399 3092 iicet
412 3027 537 3094 amenio
549 3019 702 3095 iouu'tum
717 3049 807 3096 esse·
847 3028 1017 3116 Optamus
1032 3031 1121 3096 enirn
1135 3031 1171 3095 in
1184 3031 1290 3096 mani·

195 3129 260 3194 bns
274 3127 364 3194 hune
378 3137 550 3196 auctorem
564 3149 650 3210 esse,
663 3151 705 3198 eo
719 3133 822 3198 etiarn
836 3133 983 3212 nornine,
998 3133 1089 3216 quod
1101 3150 1157 3198 ras
1169 3131 1289 3217 Troja-

196 3249 263 3311 nae,
278 3239 313 3298 et
326 3251 438 3300 earum
453 3235 596 3319 scriptor
616 3237 774 3320 proprius
796 3233 978 3314 Homeros,
990 3240 1083 3301 tanta
1103 3236 1182 3301 oiim
1199 3235 1290 3320 apud

192 3345 311 3401 'omnes
326 3336 545 3403 estimatione
568 3338 714 3418 inerunt,
734 3347 772 3406 ut
792 3356 889 3404 nemo
909 3357 978 3404 non
1000 3335 1194 3416 Poitarnm,
1210 3337 1289 3422 quin

194 3440 228 3499 et
252 3436 414 3503 Oratores
440 3438 718 3525 Philosophique,
742 3441 907 3526 exemplis
929 3448 965 3506 et
985 3438 1188 3523 amumeutis
1211 3439 1291 3522 iude

195 3537 409 3620 potissimum
423 3541 573 3623 repetitis
587 3559 670 3607 snos
686 3543 793 3608 libros
811 3541 1035 3625 impleverint,
1050 3541 1175 3626 quibus
1193 3540 1290 3605 intei-

194 3637 347 3724 iigeudis,
357 3657 432 3706 cum
442 3639 605 3707 rarissimi
618 3643 732 3728 ipsum
745 3644 929 3709 Homerum
940 3644 1145 3728 legantitaec
1159 3641 1290 3708 Iliados

195 3741 396 3826 compendia
415 3748 557 3826 possunt
579 3743 692 3809 lumen
706 3743 874 3826 proeterre.
918 3743 1091 3811 Suasorim
1112 3745 1227 3829 itaque
1248 3763 1289 3809 ea

195 3844 351 3908 teneriori
373 3842 481 3911 adhuc
502 3845 679 3914 torenton·
703 3847 811 3932 priua,
835 3865 935 3932 qnam
956 3849 1104 3933 reliquos
1123 3853 1290 3926 auctores,

197 3941 326 4010 Po'e'tas
356 3948 553 4031 cumprimis
582 3947 785 4029 evolvatur
812 3968 932 4015 manus
954 3949 1038 4015 dari.
1096 3947 1162 4015 Cui
1186 3950 1288 4016 etiam

195 4041 254 4108 fini
276 4044 364 4113 hanc
389 4067 503 4116 curam
527 4053 713 4138 impensam
737 4069 825 4133 esse,
846 4054 891 4120 B.
912 4053 953 4118 Ia
972 4053 1061 4119 scias
1081 4053 1193 4118 velim.
1234 4051 1289 4118 'l'u

193 4143 305 4212 studia
316 4146 391 4214 haec
407 4161 568 4221 nostrast
582 4161 663 4222 vota
678 4157 760 4223 boni
772 4157 922 4223 consulo.
