2959 4875
482 362 531 409 nu
556 361 682 411 exero.
705 360 832 409 ruera
855 360 1008 409 urerer.
1220 347 1288 415 ³⁰6

195 520 263 565 rem
279 502 312 567 iu
326 504 531 586 superiorem
546 503 744 587 Phrygiam⁸
763 503 865 580 misit,
885 510 923 567 ut
935 504 1117 569 exercitum
1133 512 1285 586 pararet3

196 610 230 669 et
250 607 300 670 ita
321 613 447 687 praeto
462 611 563 669 esset.
607 603 809 682 Cassandra,
827 612 1008 689 postquam
1031 604 1162 671 audivit
1180 606 1286 688 patris

195 706 382 782 consilinm,
396 705 505 769 dicere
518 706 622 789 eoepit
634 726 712 789 quae
726 705 884 789 Trojania
898 706 1008 771 futura
1021 713 1145 785 essent,
1166 708 1196 769 si
1213 706 1287 770 Pri·

195 826 293 871 amus
307 815 536 890 perseveraret
550 808 692 871 classem
708 808 745 870 in
753 806 922 872 Graeciam
937 808 1076 873 mittere.
1103 807 1166 891 [9.]
1180 808 1287 872 Inter·

195 926 236 971 ea
257 913 385 991 tempus
405 909 617 990 supervenit:
640 927 746 973 naves
760 908 938 973 edificatae
952 917 1040 973 sunt.
1085 908 1214 973 Milites
1230 929 1286 974 su·

195 1016 419 1090 pervenerunt,
434 1029 519 1091 quos
534 1008 728 1073 Alexander
747 1017 782 1074 et
804 1010 1004 1092 Deiphobus
1026 1012 1060 1073 iu
1083 1009 1222 1074 Paeonia
1236 1010 1285 1073 lo-

194 1115 328 1189 gerant3
343 1114 379 1171 et
394 1108 452 1172 ubi
462 1110 569 1173 risum
579 1115 631 1173 ast
642 1128 745 1192 posse
754 1110 924 1191 navigare,
939 1111 1093 1174 Priamus
1100 1112 1284 1175 exereitum

196 1209 397 1291 alloquitur:
423 1208 653 1273 Alexandrum
676 1209 914 1292 Imperatorem
941 1211 1103 1275 exercitui
1132 1210 1286 1293 praeficit,

196 1309 298 1374 mittit
311 1328 387 1374 enm
402 1329 441 1373 eu
458 1308 682 1392 Deiphobum,
698 1310 854 1386 AEneam,
877 1310 1178 1393 Polydamantem.t
1219 1310 1286 1374 lm·

196 1414 357 1493 paratque
371 1409 577 1488 Alexandro,
599 1417 638 1473 ut
661 1410 805 1492 primum
826 1411 981 1493 Spartam
997 1411 1150 1489 accedat,
1164 1411 1286 1477 Casto·

196 1528 265 1574 rem
280 1518 313 1575 et
327 1510 499 1575 Pollucem
512 1511 699 1587 conveniat,
715 1517 752 1575 et
765 1511 808 1573 ah
821 1510 875 1573 his
891 1518 998 1592 petat,
1009 1520 1047 1575 ut
1061 1511 1216 1575 Hesiona
1229 1532 1286 1577 so·

197 1628 250 1674 ror
264 1611 336 1695 ejm
352 1610 515 1688 reddatur,
530 1618 565 1677 et
590 1612 673 1675 satis
694 1608 853 1692 Troianis
878 1611 945 1675 liat.
991 1609 1094 1689 Quod
1116 1612 1147 1673 si
1166 1630 1286 1695 negas·

197 1719 280 1788 seut,
294 1714 451 1777 contiuuo
465 1712 508 1776 ad
524 1731 560 1775 se
574 1688 724 1775 olentium
740 1711 870 1791 dirigat,
890 1719 929 1774 ut
944 1712 1125 1776 exercitum
1139 1712 1173 1774 in
1190 1710 1288 1777 Groe·

198 1813 284 1875 ciam
315 1813 423 1896 possit
452 1812 591 1877 mittere.
650 1810 806 1875 Posthaec
832 1810 1026 1875 Alexander
1054 1812 1087 1875 iu
1117 1810 1286 1879 Graeciam

198 1913 378 1994 naugerit,
393 1912 538 1977 adducto
553 1930 665 1999 secum
683 1910 770 1975 duce
789 1929 833 1975 eo
847 1910 907 1994 qui
928 1931 1005 1976 oum
1027 1908 1198 1975 Antenore
1212 1913 1286 1996 jam

196 2012 435 2094 navigaverat-¹¹
480 2012 560 2075 Nun
581 2012 702 2077 multus
722 2019 802 2075 ante
818 2011 902 2089 dies,
918 2030 1020 2095 quam
1042 2010 1233 2077 Alexander
1252 2014 1286 2077 iu

198 2111 368 2179 Graeciam
396 2114 574 2194 navigavit,
599 2118 633 2177 et
651 2118 827 2195 numquam
849 2114 884 2175 iu
906 2112 1051 2179 insulam
1066 2111 1287 2195 cytheream*

197 2214 381 2292 accederet,
395 2212 568 2279 Menelaus
581 2233 641 2279 rex
650 2212 694 2279 ad
708 2213 888 2278 Nestorem
900 2213 1023 2297 Pylum
1039 2213 1287 2296 proficiseeus‚'

688 2426 798 2479 Nom

229 2540 592 2606 momentaneum]
615 2541 721 2604 Duplex
762 2554 812 2603 qao
827 2537 959 2604 Cythera.¹
991 2537 1039 2586 Eat
1054 2535 1288 2599 eutemjuxtel’e-

199 2613 249 2666 tuit
265 2617 388 2681 Phrygia,
405 2617 485 2682 major
506 2627 533 2669 et
556 2607 721 2673 minor,'rire
761 2617 937 2679 toponneeam,
946 2614 1014 2662 intre
1024 2613 1135 2662 liutem
1144 2619 1290 2674 promonto-

197 2700 325 2752 megnaet
337 2706 434 2755 parm
450 2701 478 2743 et
487 2691 640 2756 illaquideut
650 2693 721 2755 cujus
761 2691 827 2738 rium
839 2696 867 2739 et
879 2688 1031 2738 uranicum
1041 2687 1137 2743 einum3
1153 2684 1288 2749 ‘Porphy-

199 2775 298 2828 partern
318 2767 420 2816 Galatae
440 2773 649 2830 occupaverunt:
666 2769 722 2816 hae
762 2765 798 2814 rie
808 2764 814 2786 '
826 2758 921 2823 Plinio,
933 2757 1130 2825 ‘Porphyreon'
1143 2759 1288 2821 Eustethio,

198 2841 231 2889 ad
252 2841 445 2906 Hellespontum
466 2843 526 2899 rita,
544 2856 601 2906 quar
620 2851 647 2891 et
663 2841 722 2891 ideo
762 2838 839 2888 hodie
851 2839 946 2899 Cerigo.

199 2915 412 2980 Hellespontiaca
428 2917 498 2968 diere
513 2925 563 2981 ert,
574 2926 601 2968 et
617 2919 723 2981 Epicte-
795 2921 812 2944 '
827 2913 868 2962 Aa
887 2913 1013 2962 Nema
1028 2911 1117 2974 Pytna
1132 2907 1290 2974 proficiam,

199 2999 249 3041 tor.
281 2992 339 3044 Jam
358 3006 409 3042 nen
428 2991 532 3042 dubium
551 3007 608 3042 aare
629 3000 724 3057 potent,
762 2982 1288 3051 ha]TreeloerePyliinPelepeaueee:

199 3066 259 3130 quin
276 3067 318 3116 hie
336 3081 382 3130 per
399 3067 556 3130 superiorem
575 3068 724 3131 Phrygium,
764 3078 815 3113 uua
826 3064 851 3112 in
862 3061 988 3123 Elide‚ed
999 3059 1289 3118 tlnrtuurSelleentem;

199 3141 332 3204 minorem,
349 3155 394 3190 eeu
414 3155 528 3204 parram,
549 3141 725 3201 intellexerit;
764 3137 814 3188 elia
832 3138 858 3186 ln
869 3136 992 3198 Arcadle,
1002 3136 1081 3198 juxte
1094 3131 1199 3182 flurium
1213 3135 1289 3182 Aeta·

199 3231 257 3264 uam
274 3224 302 3266 et
318 3215 447 3266 Aristides
463 3231 567 3281 perram
584 3216 724 3282 Phrygiam
764 3214 853 3273 thum
881 3213 961 3261 tertie
982 3211 1009 3258 iu
1025 3209 1173 3268 Menaenie3
1200 3221 1289 3256 ornnes

199 3294 477 3357 superioremroeevit.
764 3287 813 3340 eibi
825 3287 961 3337 Nestorem
977 3284 1146 3334 vindicantur.
1177 3281 1228 3332 aen
1248 3296 1289 3331 ae·
1405 3299 1409 3306 ·

232 3371 240 3400 ⁸
262 3367 416 3430 Deiphobum.
438 3368 546 3428 AEaeuur,
567 3366 725 3429 Polydam-
765 3363 873 3415 eundem
886 3377 972 3413 aarum
987 3361 1105 3412 Nestoris
1123 3359 1233 3421 putrium
1251 3357 1290 3407 ln·

200 3443 260 3506 tera]
295 3443 361 3492 lude
382 3443 450 3507 apud
474 3441 581 3505 Dictym
600 3455 620 3490 r.
642 3441 724 3497 initio,
762 3441 857 3490 ireaex
874 3437 988 3488 Homero
1006 3435 1098 3500 prohat
1112 3433 1289 3494 stabuntne.

199 3521 275 3568 ‘eum
288 3519 368 3568 AEoee
379 3519 484 3584 utileque
496 3531 530 3568 ex
546 3517 723 3579 comenguiul·
762 3513 815 3564 ttte
825 3526 887 3561 vero
898 3512 980 3560 Darae
991 3510 1076 3559 tertia
1088 3509 1225 3558 Nestorem
1235 3509 1289 3556 rin·

201 3601 257 3644 tate
273 3595 440 3660 propiaquie.'
472 3594 524 3645 Ubi
540 3593 598 3643 vide
618 3599 724 3642 anneta·
749 3587 851 3640 ,dicare
866 3587 1049 3648 athernacum
1066 3585 1113 3643 eit,
1129 3583 1289 3645 Menelaon,

200 3675 237 3719 te.
763 3675 797 3712 aa
806 3661 900 3725 Sparta
908 3675 1034 3724 perurere
1045 3658 1078 3708 ed
1089 3658 1182 3721 Pylon
1195 3656 1288 3705 Nesto·

234 3741 726 3807 *Dauuqamnntmjmeet
764 3737 801 3787 rlr
820 3737 1038 3802 proticiscentem,
1058 3735 1128 3785 circe
1150 3733 1288 3794 Cytheram

198 3817 311 3881 mat]
332 3819 385 3868 ded
396 3819 490 3868 nullam
501 3818 555 3882 ejur
566 3817 726 3866 ductantes
765 3813 854 3864 Paridi
865 3815 1016 3864 nummu.
1050 3812 1143 3873 Neque
1153 3808 1220 3857 euim
1237 3808 1288 3854 Da·

201 3892 438 3944 mentiouemt'eeit.
683 3883 687 3893 “
766 3903 808 3938 ree
829 3889 976 3937 Menelaum
998 3886 1030 3935 ad
1049 3886 1165 3943 eirenen,
1183 3895 1240 3944 qut
1262 3881 1288 3930 ie

234 3967 292 4015 'la
310 3967 411 4016 mua·
433 3967 583 4031 Cythnum]
613 3965 726 4030 Cythera
764 3961 1004 4024 Aoemteenaper
1014 3972 1084 4008 mm
1094 3955 1221 4016 duxisset,
1229 3969 1288 4004 eum

203 4041 299 4090 dieitur
309 4041 396 4092 Streh.
408 4050 507 4092 straet
516 4042 606 4104 vtrgtt.
617 4056 646 4092 x.
662 4043 727 4091 ‘Eut
766 4036 885 4089 terraetrt
897 4037 990 4086 itinere
1000 4035 1042 4082 rie
1052 4031 1131 4082 inerit
1140 4029 1251 4079 brevior.

202 4116 340 4177 Amathus,
351 4124 392 4166 eet
405 4117 474 4166 celae
486 4116 546 4166 mihi
560 4118 672 4180 Paphor,
687 4125 725 4165 et·

237 4195 324 4258 nupt.
333 4201 356 4244 et
369 4195 426 4244 Ver.
438 4196 503 4244 clue.
661 4195 730 4243 Dict.
743 4193 809 4244 Cret.
827 4194 865 4254 tre.
1202 4185 1225 4232 U
