2959 4875
262 356 315 419 8⁴⁴
696 374 784 423 sun.
807 374 920 422 suros

261 521 428 586 litterales
443 520 479 584 in
494 520 624 586 Troade
638 520 734 585 Caici
750 523 932 604 tangebant
949 518 1062 603 ostia)
1077 540 1164 586 uxor
1180 521 1348 601 Hectoris,

263 624 320 685 cui
333 621 464 703 peperit
476 617 692 703 Astyanacta.
737 621 842 686 Hom·
858 621 900 685 ll.
916 626 938 690 ζ.
983 622 1133 687 Hectore
1147 643 1226 689 vero
1247 608 1349 689 iirter-

263 732 353 789 emto
367 733 402 789 et
415 724 518 807 Troja
536 729 648 808 capta,
665 724 813 809 Pyrrhus
835 743 909 789 cam
932 726 965 789 in
981 724 1147 791 Graeciam
1169 727 1295 803 avexit,
1316 732 1351 791 et

262 845 307 890 ea
333 825 520 890 Molossum
543 828 703 909 suscepit.
762 824 830 903 Qui
863 832 971 890 tamen
1001 834 1123 910 postea
1148 824 1350 891 Hermiones

263 945 411 991 amorem
439 935 591 1009 capiens,
617 946 690 990 eam
720 924 864 1004 Heleno,
894 925 1019 991 Priami
1049 928 1139 1008 regis
1164 925 1246 1004 lilio,
1273 945 1349 991 curn

262 1032 356 1110 parte
369 1029 461 1109 regni
482 1026 582 1091 dedit.
604 1025 696 1108 Virg.
713 1042 770 1089 ιιι.
784 1026 863 1089 AEn.
874 1026 949 1089 295.
964 1026 1109 1091 Pauran.
1124 1026 1159 1089 in
1173 1023 1277 1091 Attio.

305 1128 460 1192 Amorem
485 1127 520 1191 in
547 1145 590 1190 ea
617 1126 826 1209 conjugalem
849 1125 968 1189 laudat
994 1125 1150 1202 Ovidius,
1176 1141 1199 1188 ι.
1221 1126 1299 1192 Am.
1313 1126 1348 1192 9.

262 1228 343 1308 eleg.
354 1228 445 1292 hisce
458 1228 589 1292 verbis:

305 1328 437 1405 Hector
451 1329 495 1392 ab
508 1327 760 1393 Andromaches
775 1326 1008 1410 complexibus
1026 1326 1099 1391 ibat
1113 1326 1148 1391 in
1163 1327 1275 1407 armis,

348 1428 392 1491 Et
405 1429 534 1511 galeam
550 1429 664 1511 capiti,
680 1447 757 1512 quoe
773 1428 877 1505 daret,
892 1446 977 1491 uxor
992 1437 1071 1491 erat.

305 1527 432 1593 Verum
467 1534 501 1592 et
533 1529 606 1615 ejus
642 1528 676 1592 iu
703 1528 842 1593 adverse
870 1526 1002 1591 fortuna
1028 1526 1250 1591 constentiam
1281 1526 1349 1592 alii.

264 1625 403 1712 Quippe
417 1648 481 1693 uon
493 1635 619 1693 tantm
635 1628 743 1694 mariti
770 1628 856 1693 luxit
877 1633 1016 1692 mortem
1040 1633 1072 1692 et
1095 1626 1209 1709 Trojae
1223 1626 1350 1695 flebiles

263 1729 397 1812 aspexit
416 1730 542 1806 ruinas,
569 1729 628 1794 sed
657 1737 693 1793 et
725 1730 794 1805 tilii,
822 1727 863 1793 de
884 1735 970 1794 turre
993 1729 1206 1813 praecipitati,
1238 1726 1351 1794 lacera

264 1831 408 1894 membra
422 1830 577 1912 colligere
592 1830 656 1895 fuit
677 1838 806 1895 coacta.
849 1827 1014 1894 Videatur
1036 1829 1174 1906 Seneca,
1188 1829 1223 1893 in
1236 1827 1349 1895 duna

135 2008 138 2013 ,
262 1928 404 1993 'lhoade

307 2010 559 2096 Andromaches
583 2040 693 2095 autem
718 2032 839 2097 faciem
864 2037 974 2097 servat
996 2032 1218 2097 Obsoniorum
1242 2026 1351 2094 Num·

265 2147 342 2191 mus
357 2129 491 2212 elegans
505 2132 593 2215 apud
609 2132 792 2210 Goltzium,
808 2130 918 2197 Graec.
935 2145 991 2195 ιιι.
1005 2131 1090 2196 Tab.
1104 2130 1136 2194 9.

461 2363 615 2429 XXIII.
659 2360 1153 2442 Arhx,rEnAMON1Us.

656 2496 734 2560 Lrn.
749 2511 786 2560 v.
810 2494 898 2559 Car.
913 2497 965 2560 15.

264 2628 331 2694 &At
345 2629 430 2694 lucis
446 2629 609 2713 principio
624 2627 765 2710 Ajacem
780 2625 815 2690 in
833 2627 943 2691 medio
958 2629 1144 2694 exanimem
1160 2627 1348 2708 offendunt3

305 2731 592 2814 perquirentesque
607 2730 724 2793 mortis
740 2748 858 2810 genus,
874 2731 1137 2795 animadvertere
1150 2731 1235 2793 ferro
1250 2729 1352 2794 inter·

305 2831 456 2896 fectum?

306 2947 426 3021 Aiax,
442 2945 532 3009 iilius
545 2945 742 3012 Telamonis
765 2954 799 3012 et
813 2946 991 3025 Hesiones,
1007 2966 1082 3031 quae
1105 2947 1191 3028 regia
1206 2944 1350 3011 Laome·

263 3045 378 3110 dontis
392 3045 472 3109 filia.
505 3045 604 3111 ovid.
616 3047 757 3112 Metam.
770 3064 810 3110 ιι.
821 3049 897 3112 217.
920 3045 1113 3112 Graecorum
1126 3047 1326 3111 fortissimus
1339 3065 1349 3108 ε

263 3146 447 3232 etquidem
472 3146 735 3225 invulnerabilis,
750 3153 969 3230 praeterquam
995 3149 1029 3212 in
1051 3148 1180 3212 cervice
1199 3155 1233 3210 ct
1249 3147 1283 3210 in
1297 3147 1351 3212 la-

264 3259 344 3314 tere.
387 3247 521 3331 Quippe
529 3246 596 3332 (sic
612 3249 732 3313 saltem
748 3249 792 3313 ad
814 3246 1240 3334 Lycophr.'1'aetaes)cum
1257 3246 1351 3312 Her-

166 3334 171 3347 *
263 3349 358 3414 cules
386 3347 563 3432 aliquando
588 3348 759 3415 Salamina
781 3348 908 3426 adiens,
935 3348 1149 3413 Telamonem
1178 3346 1351 3425 inviseret,

261 3449 308 3513 ibi
323 3448 434 3534 Ajeci,
456 3447 565 3514 adhuc
591 3458 716 3528 tenero,
732 3449 847 3533 injecit
860 3446 970 3524 λεοντῆν
988 3467 1094 3526 suam,
1110 3453 1281 3531 precatus,
1297 3456 1349 3526 ut,

264 3567 333 3631 qua
358 3555 532 3630 tegeretur,
555 3549 802 3613 invulnerabilis
831 3548 922 3614 fieret
951 3550 1118 3632 puerulus.
1163 3547 1261 3628 Ergo,
1282 3569 1351 3632 qua

263 3666 329 3712 noo
342 3647 524 3728 tegebatur,
537 3645 628 3731 Ajax
652 3649 764 3714 factus
779 3650 1004 3715 vulnerabilis.
1048 3648 1183 3714 Achille
1208 3655 1348 3725 mortno,

264 3755 300 3813 ut
321 3748 495 3830 proximus
519 3747 636 3828 haeres,
666 3751 740 3831 ejus
762 3770 855 3816 arma
877 3753 995 3834 petiit3
1018 3770 1129 3816 verum
1152 3749 1348 3815 Groecomm
1403 3781 1406 3788 »

261 3867 431 3932 proceres,
450 3849 644 3931 eloquentia
668 3853 766 3930 moti,
790 3853 862 3915 heec
886 3850 1003 3934 Ulyssi
1025 3852 1197 3916 tradidere
1242 3848 1350 3928 Unde,

264 3969 335 4033 pree
357 3949 460 4013 nimia
483 3950 533 4013 ira
556 3951 737 4031 insaniens,
757 3955 791 4016 in
817 3970 942 4035 pecora
966 3954 1069 4030 irruit,
1085 3969 1191 4035 eaque
1213 3949 1349 4027 occidit,

263 4046 400 4113 Atridas
426 4053 528 4132 atque
549 4049 708 4134 Ulyssem
736 4071 812 4116 sese
835 4051 1018 4116 interimere
1033 4050 1178 4117 credens.
1220 4049 1347 4114 Verum

265 4149 307 4210 ed
320 4151 441 4214 mentis
462 4151 639 4224 sanitatem
654 4152 785 4218 rediens
807 4169 843 4216 et
865 4171 1004 4218 errorem
1019 4170 1215 4236 agnoscens,
1235 4149 1348 4230 gladio
