2959 4875
470 364 516 411 nu
542 364 672 413 uxore.
695 364 820 413 ruore
843 363 993 413 nterea.
1208 350 1273 415 297

187 506 301 572 Amici
314 514 349 571 et
369 506 521 591 hospites
540 507 584 571 ed
605 506 768 571 Jesonem
782 515 952 584 reumont,
974 512 1009 572 et
1021 504 1223 589 pollicentur
1236 525 1273 570 ee

187 628 253 673 nne
276 610 393 674 ituros.
436 608 545 673 Jeeon
566 609 689 691 gratius
703 608 774 672 illis
796 610 883 690 egit:
906 616 940 673 et
959 607 1087 690 rogavit
1106 612 1146 671 nt
1164 607 1274 690 parati

186 716 309 788 esseut,
323 730 400 775 cum
414 716 545 792 tempus
560 710 802 793 superveniret.
844 708 954 774 lason
966 729 1044 775 cum
1064 716 1201 792 tempus
1216 727 1272 773 en-

157 812 160 818 '
185 812 345 894 pervenit,
366 811 481 876 literas
501 809 545 874 ed
570 798 631 874 eos
644 808 737 875 misit
750 809 810 892 qui
825 817 920 874 erent
940 810 1095 894 polliciti,
1111 828 1187 874 sese
1201 830 1270 874 une

187 912 303 991 ituros,
317 917 349 977 et
368 912 461 977 illico
483 918 709 975 convenerunt
731 910 775 973 ed
796 929 927 989 nerem,
949 912 1046 997 cujus
1066 931 1184 976 nomen
1205 916 1276 976 erat

187 1012 288 1095 Argo.
332 1012 447 1078 Pelias
462 1031 521 1076 rex
536 1029 613 1094 quae
628 1028 715 1094 opus
726 1016 819 1075 erent
831 1010 868 1073 in
882 1012 994 1077 navim
1008 1013 1136 1096 imponi
1152 1013 1272 1098 jussit:

188 1118 220 1177 et
232 1114 378 1178 hortatus
389 1121 442 1177 est
455 1112 671 1191 iasonem,et
685 1114 743 1197 qui
758 1131 835 1177 cnm
845 1132 887 1177 eo
898 1114 976 1178 ituri
989 1121 1094 1189 erent,
1104 1122 1143 1179 nt
1157 1116 1271 1178 animo

187 1213 264 1277 sorti
278 1215 360 1279 nent
374 1214 418 1279 ad
432 1213 665 1299 perficiendum
682 1234 759 1299 quae
773 1215 885 1279 conati
908 1223 1030 1279 essent
1073 1214 1192 1279 Euros
1206 1215 1274 1279 cle·
1347 1268 1357 1293 ,

188 1317 342 1407 ritatem⁸
364 1314 507 1381 Graeciee
523 1322 557 1380 et
570 1314 656 1397 ipsis
669 1313 802 1379 facture
816 1314 1003 1380 videbatur.
1039 1317 1275 1381 Demonstrure

188 1435 247 1480 eos
261 1418 317 1499 qui
332 1436 408 1481 cum
421 1414 444 1480 J
446 1434 551 1481 esum
564 1416 703 1500 profecti
718 1422 808 1493 sunt,
822 1435 886 1479 non
898 1424 1047 1481 noenum
1058 1425 1131 1482 eet:
1146 1417 1206 1482 sed
1216 1418 1274 1501 qni

189 1518 262 1583 vnit
274 1536 333 1583 eos
345 1536 555 1601 cognoscere,
570 1518 784 1601 Argonautas
807 1516 922 1600 leget.b
964 1518 1026 1600 [2]
1046 1518 1068 1583 J
1072 1538 1166 1595 enon,
1180 1526 1217 1584 nt
1230 1517 1275 1582 ed

188 1618 366 1701 Phrygiam
401 1621 645 1696 venturarum
676 1620 825 1685 admovit
852 1618 896 1683 ed
932 1625 1061 1702 portnm
1090 1619 1274 1685 Simoente.

190 1716 320 1784 Deinde
342 1739 455 1785 omues
476 1721 631 1784 exiemnt
651 1720 693 1786 de
714 1720 794 1785 neri
816 1719 859 1785 ed
880 1727 1012 1784 terrum
1055 1718 1275 1784 Leomedonti

189 1819 259 1901 regi
273 1818 490 1903 'l'rojunomm
503 1821 684 1885 nuntiatum
696 1826 759 1897 eet,
771 1820 953 1885 mirandem
966 1821 1080 1885 nerim
1093 1821 1127 1884 in
1139 1826 1276 1903 portum

190 1920 363 1987 Simodnte
375 1922 531 2000 intrasse,
547 1929 582 1985 et
601 1921 636 1985 iu
654 1939 696 1985 ee
712 1921 881 2005 juvence·
903 1922 945 1985 de
959 1919 1097 1987 Graecia
1115 1920 1276 1985 advectos

190 2041 275 2088 esse.
319 2022 389 2088 Ubi
404 2024 535 2087 audivit
556 2021 755 2087 Laomedon
767 2041 829 2088 rex
842 2030 1031 2088 commotus
1044 2028 1106 2101 est,
1119 2031 1153 2087 et
1165 2022 1276 2087 consi·

190 2124 318 2189 demrit
339 2144 511 2191 commune
534 2125 730 2209 pericnlum,
754 2125 785 2190 si
806 2133 1065 2190 consuescerent
1093 2123 1205 2189 Graeci
1230 2122 1275 2188 ed

191 2243 255 2289 sue
278 2226 391 2291 littore
411 2227 553 2291 neribus
574 2224 764 2290 adventure.
807 2226 919 2290 Mittit
935 2227 1052 2310 iteque
1075 2226 1118 2290 ad
1144 2230 1275 2308 pomum

190 2327 247 2408 qui
261 2326 374 2391 dieunt
393 2335 433 2392 ut
446 2326 558 2393 Graeci
579 2327 622 2391 de
646 2326 770 2391 linibus
792 2327 866 2410 ejus
882 2326 1074 2391 discedent:
1097 2306 1130 2389 et
1154 2324 1184 2388 si
1206 2342 1274 2387 nou

192 2424 283 2492 dicto
311 2428 511 2506 obedissent,
534 2432 602 2493 tum
628 2445 703 2492 sese
729 2426 831 2492 mmis
855 2426 1041 2512 ejecturum
1065 2426 1108 2492 de
1135 2421 1278 2490 tinibus.i

191 2530 297 2596 lason
310 2537 343 2596 et
356 2533 415 2617 qui
437 2549 513 2596 uum
536 2548 578 2594 eo
598 2534 753 2593 venerant
775 2529 918 2610 grevitm
941 2530 1083 2594 tulerunt
1101 2527 1277 2593 crudelita-

191 2639 256 2698 tem
272 2632 519 2709 Leomedontis‚
534 2631 585 2695 sic
600 2650 637 2694 se
650 2632 694 2695 eb
707 2649 749 2694 eo
764 2631 912 2709 nautum,
936 2648 1010 2695 cum
1032 2631 1122 2695 nulle
1142 2629 1185 2693 ab
1206 2627 1276 2692 illie

193 2732 312 2818 injurie
324 2734 418 2800 facte
432 2739 545 2798 esset:
567 2732 664 2798 simul
679 2737 713 2795 et
722 2732 888 2797 timebant
900 2731 1146 2798 multitudinem
1158 2730 1277 2794 berbu-

645 2926 822 2949 om

224 3065 240 3111 ²
256 3061 427 3124 Autejuoeaea
438 3062 516 3114 babel
527 3063 624 3127 Deipb.
634 3065 726 3114 nullu.

679 3238 788 3292 NOTAE

223 3379 237 3415 t
262 3367 415 3431 ceritum]
443 3369 626 3420 Clauitudinem
651 3368 715 3419 dicit
755 3375 796 3417 ter
807 3379 854 3429 per
869 3362 1041 3428 ignorantiam
1056 3373 1114 3410 eeae
1130 3359 1280 3410 Pseudoda-

192 3449 296 3499 Sattuet.
446 3447 451 3460 '
755 3449 837 3492 ratem
848 3439 944 3504 prodit.
974 3437 1015 3486 lle
1026 3434 1181 3498 Argonautis
1191 3443 1278 3484 auten

224 3521 235 3556 '¹
251 3522 404 3584 Amoautua
413 3520 490 3584 beet]
514 3521 583 3584 Ergo
600 3528 715 3582 tempore
755 3517 815 3568 vide
826 3513 990 3578 Apollonium
1001 3510 1135 3568 ilbodium,
1146 3509 1281 3560 Valerium

192 3599 252 3650 beili
272 3597 376 3663 Troiani
395 3597 461 3648 tiber
479 3596 597 3659 extabat,
615 3594 716 3658 ‘erge
755 3593 886 3647 Flaccum,
908 3587 1058 3651 Apollodor.
1085 3601 1104 3636 r.
1138 3586 1279 3638 Diodorum

191 3674 469 3740 nautica’inacriptea.
501 3674 595 3739 Neque
611 3671 716 3723 dubium
755 3668 878 3729 Siculum,
887 3678 929 3714 rr.
940 3662 1083 3726 Hyginum,
1094 3669 1121 3710 et
1132 3661 1204 3711 allos.
1227 3663 1279 3711 Eo·

192 3760 234 3804 eat
255 3752 315 3818 quin
337 3749 437 3814 Orphei
460 3748 633 3818 Argonautica
654 3745 718 3796 velit
755 3759 811 3794 rura
831 3742 964 3807 expeditio
987 3741 1055 3791 bello
1074 3739 1187 3802 Trojano
1207 3738 1279 3799 urim

192 3827 311 3891 intelligi.
344 3826 395 3876 Sed
421 3827 537 3888 ineptum
564 3825 716 3887 scriptorem
755 3820 888 3871 luitauuia
898 3810 1279 3879 circiterquinquaglutmtal

191 3903 218 3953 id
234 3903 319 3959 latuit,
336 3915 428 3965 nempe
448 3900 581 3965 Orpheum
600 3900 670 3948 ilium
689 3905 718 3948 et
754 3893 971 3955 utlterScaligero
982 3890 1120 3974 riaumeat.
1261 3959 1267 3972 ⁹

191 3980 254 4030 aiios
264 3991 389 4043 qumque,
399 3976 443 4041 qui
454 3983 515 4026 aute
527 3975 620 4024 bellum
628 3974 718 4037 'I'roja-
787 3968 794 4001 ¹
810 3967 869 4017 tan
881 3977 933 4014 asse
945 3975 1019 4011 m
1033 3964 1159 4020 vecturum
1177 3959 1206 4006 de
1217 3957 1279 4020 flat

192 4053 342 4106 neminisse
358 4052 423 4102 dieti
435 4057 505 4110 suut,
520 4064 536 4099 a
548 4049 630 4112 po’e'tia
641 4047 716 4098 tictoa
755 4042 809 4106 baa]
827 4043 906 4104 tngo,
914 4039 922 4066 ⁸
931 4037 1060 4086 Tumaaac
1069 4034 1145 4084 muria
1154 4045 1199 4084 eoa
1210 4047 1280 4097 erec.

193 4129 283 4190 trdus,
307 4127 376 4192 quud
394 4125 538 4178 etVoaeiua
554 4121 678 4182 ostendit,
696 4137 714 4172 ι.
754 4110 1005 4172 turumdeiinlbua.'

194 4205 227 4256 de
238 4219 265 4256 re
277 4203 386 4270 poddea.
418 4201 549 4266 sicigitur
558 4207 715 4250 auctorum·
