2959 4875
263 316 309 383 at
529 331 605 379 rao.
629 329 822 381 rnsrzonu
848 330 1097 387 nrsssarr‘rro

264 472 324 539 sed
350 479 398 537 tot
417 473 514 537 simul
540 474 651 539 ubivis
674 474 785 539 obviae
809 474 898 557 apud
925 474 1138 557 Septimium,
1160 480 1355 554 argumento

265 574 345 639 mihi
361 574 496 637 suntad
514 574 548 637 id
563 575 783 656 probandum,
804 575 893 658 quod
910 574 1081 640 affirmari.
1122 573 1193 663 Sed
1214 582 1248 639 et
1262 574 1355 657 quod

265 678 299 739 in
330 676 441 756 lingua
464 674 586 739 htina
611 676 655 739 ad
685 675 817 741 solitam
842 674 974 739 Graecoe
1003 673 1139 757 phrasin
1167 674 1356 751 formatum,

264 776 354 860 apud
369 795 469 841 uuum
489 782 673 853 auctorem,
689 776 746 859 qui
761 775 883 839 Graeca
906 781 981 839 anta
996 775 1112 838 oculos
1126 774 1252 851 habuit,
1265 793 1354 857 proe·

264 879 362 960 cipue
376 884 411 940 et
426 876 552 958 saepius
565 874 748 939 adhibitum
756 874 926 958 reperitur,
940 874 1044 939 nihilo
1055 876 1165 939 miuus
1177 894 1237 957 pro
1256 874 1353 940 Groe·

264 979 371 1043 cismo
384 977 499 1041 haberi
515 976 625 1054 debet,
639 978 721 1041 licet
732 975 823 1059 apud
836 976 937 1041 alium
951 995 1086 1059 quoque
1103 996 1204 1041 unum
1218 983 1254 1039 et
1267 975 1354 1041 alte-

262 1100 334 1145 rum
360 1078 481 1155 forsan,
505 1086 540 1142 et
562 1080 666 1143 rarius
696 1076 840 1160 quidem,
868 1076 1145 1159 deprehendatur,
1167 1096 1270 1159 quam
1290 1095 1353 1161 pro

265 1180 468 1245 Hebraismo
483 1179 645 1261 accipitur
660 1178 694 1241 in
712 1192 808 1242 axx,
831 1176 1075 1259 Interpretihns
1093 1185 1128 1242 et
1139 1176 1351 1260 Apostolicis

264 1284 410 1366 scriptis,
419 1282 508 1364 quod
525 1281 613 1363 apud
626 1280 701 1343 illos
711 1280 826 1343 crebro
837 1296 881 1341 ax
894 1297 959 1342 usn
973 1284 1006 1341 et
1019 1279 1112 1360 genio
1128 1278 1267 1343 Hebraei
1282 1296 1353 1341 ser·

261 1386 370 1449 monis
392 1382 522 1447 Graccis
545 1381 654 1445 verbis
677 1386 728 1444 est
752 1396 957 1461 expressum,
972 1378 1053 1441 licet
1074 1378 1192 1443 similis
1214 1378 1355 1456 locutio,

262 1484 321 1550 sed
335 1484 449 1561 rarius,
464 1482 499 1547 in
521 1482 600 1547 aliis
615 1500 748 1565 quoque
762 1478 894 1545 Graecis
916 1479 1134 1565 scriptoribus
1156 1477 1353 1561 investigari

262 1588 397 1653 tandem
412 1593 471 1650 aut
481 1583 615 1649 ostendi
630 1590 740 1667 queat.

303 1704 401 1751 xvrr.
425 1686 550 1753 Verum
562 1684 673 1749 versio
687 1685 761 1749 haec
770 1704 832 1748 sno
842 1702 880 1747 se
891 1681 1018 1747 indicio
1032 1681 1157 1747 clarius
1171 1690 1206 1745 et
1224 1681 1352 1746 certius

260 1788 428 1872 proderet,
452 1788 480 1851 si
500 1785 555 1850 vel
570 1784 711 1851 Graeons
736 1790 924 1867 superesset
948 1784 1085 1867 Dictys,
1113 1783 1170 1849 rel
1191 1781 1351 1859 Halalae,

260 1890 319 1973 qui
343 1908 388 1953 ex
404 1906 445 1951 ao
459 1886 641 1951 Historiam
662 1884 843 1968 'frojanam
857 1884 999 1948 insuam
1015 1883 1128 1949 retulit
1142 1882 1353 1966 Chronogra·

260 1992 383 2075 phiam,
398 1988 527 2051 fidelius
549 2006 625 2050 eum
640 1984 888 2069 descripsisset,
902 2005 962 2050 nec
982 1986 1155 2053 maluisset
1167 1985 1354 2069 interpola-

196 2110 202 2121 ’
259 2099 340 2169 tam,
359 2098 393 2155 et
411 2093 625 2164 contractam,
645 2088 781 2171 suisque
804 2088 925 2164 verbis,
953 2086 1049 2151 illam
1070 2088 1229 2153 exhihere
1248 2087 1353 2151 nohis

260 2191 461 2259 Historiam.
503 2188 546 2253 Et
570 2196 681 2253 tamen
705 2190 758 2253 rel
786 2190 837 2252 sic
861 2188 1037 2254 manifesta
1060 2192 1144 2255 satis
1166 2189 1352 2275 reperimus

257 2294 398 2375 vestigia
415 2291 679 2357 concurrentium
692 2290 793 2354 simul
809 2290 959 2366 Malelae,
975 2298 1009 2353 et
1022 2292 1081 2373 qui
1096 2311 1172 2356 eum
1182 2290 1354 2374 sequitur,

259 2393 411 2468 Gedreui,
427 2412 469 2456 ac
489 2390 596 2455 nostri
619 2390 783 2473 Septimii,
805 2391 839 2456 in
864 2392 1006 2457 eundem
1028 2392 1150 2458 sontem
1171 2399 1205 2459 et
1219 2391 1352 2458 Aucto·

258 2514 339 2558 rcm.
384 2491 498 2558 Veluti
512 2491 642 2574 quando
660 2490 779 2574 Dictys
792 2499 908 2556 noster
920 2512 982 2557 seu
998 2493 1194 2575 Septimius,
1208 2494 1257 2558 ait
1271 2510 1297 2557 1.
1310 2493 1351 2560 9.

259 2595 420 2660 Helenam
455 2598 617 2674 rogatam,
649 2595 764 2673 ηοω,
799 2593 961 2676 cujusque
986 2594 1096 2671 esset,'
1122 2595 1350 2678 respondisse,

257 2695 464 2760 ‘Alexandri
477 2712 514 2756 se
529 2691 671 2770 affinem,
686 2693 858 2775 magisque
870 2694 912 2756 ad
924 2693 1093 2758 Priamum
1104 2703 1139 2760 et
1154 2695 1350 2776 Hecubam,

257 2818 356 2882 quarn
373 2796 415 2861 ad
432 2795 612 2859 Plisthenis
634 2794 721 2859 lilios
741 2814 858 2876 genere
871 2797 1055 2878 pertinere:
1077 2797 1234 2862 Danaum
1256 2799 1349 2864 enim

256 2907 357 2980 atquc
380 2895 564 2978 Agenorem
585 2901 621 2958 et
642 2897 694 2959 sui
719 2901 757 2958 et
780 2894 903 2960 Priami
926 2897 1054 2977 generis
1078 2905 1234 2962 auctores
1256 2917 1350 2965 esse.

257 2997 414 3079 Namque
435 3015 478 3058 ex
501 2993 657 3058 Hesiona
680 2994 790 3058 Danai
814 2995 883 3058 tilia
905 3003 939 3060 et
953 2995 1090 3062 Atlante
1107 2997 1267 3062 Electram
1281 3019 1348 3065 na-

256 3107 338 3176 tam,
351 3115 450 3181 quam
466 3115 511 3158 ex
525 3094 614 3158 Jove
632 3096 803 3176 gravidam
819 3096 1013 3160 Dardanum
1027 3099 1191 3180 genuisse,
1206 3118 1252 3163 ex
1273 3119 1347 3182 qno
1464 3130 1465 3133 =

255 3200 350 3276 Tros,
378 3205 410 3262 et
436 3195 599 3278 deinceps
621 3194 766 3261 insecuti
793 3216 889 3280 reges
911 3197 991 3262 Ilii!
1034 3197 1253 3265 Conferamus
1267 3201 1346 3289 jam

254 3320 330 3365 cum
344 3299 449 3376 hisce,
465 3299 498 3361 in
513 3296 633 3380 quihus
642 3298 747 3362 multa
756 3305 832 3363 sunt
845 3300 1035 3382 singularia,
1043 3319 1120 3383 quae
1134 3299 1224 3383 apud
1238 3303 1348 3369 alium

253 3419 320 3464 non
334 3407 457 3464 temera
472 3399 628 3480 reperias,
644 3396 816 3474 Mulelam,
842 3400 899 3482 qui
916 3418 954 3463 se
981 3399 1105 3481 Dictyn
1120 3399 1154 3462 in
1175 3399 1229 3464 his
1242 3405 1345 3485 sequi

254 3497 434 3582 profitetur.
477 3495 579 3577 Apud
594 3515 669 3560 cnm
684 3516 762 3578 ergo
783 3517 861 3580 pag.
877 3499 951 3563 120.
995 3499 1127 3563 Helena
1147 3500 1262 3566 itidem
1284 3522 1342 3566 ro-

253 3603 342 3679 gata,
357 3593 399 3668 ric
414 3593 465 3674 rip,
486 3593 502 3670 ή
524 3592 602 3657 river
623 3593 767 3680 ἀπόγονος,
782 3598 967 3681 respondet,
990 3597 1171 3684 Ἀλεξάνδρου
1192 3599 1249 3681 εἰμὶ
1265 3626 1342 3686 συγ-

251 3702 343 3784 γενής,
369 3696 417 3758 καὶ
445 3703 559 3776 μᾶλλον
581 3695 726 3780 προσήκειν
750 3697 884 3783 Πριάμῳ,
909 3697 959 3760 καὶ
974 3705 1007 3784 τῇ
1028 3699 1152 3786 Ἑκάβῃ,
1173 3704 1222 3766 καὶ
1246 3705 1276 3765 οὔ
1294 3710 1340 3788 τᾷ

254 3798 448 3871 narrationi,
459 3801 508 3880 υἶῷ
525 3796 671 3882 Μενελάῳ.
713 3805 827 3860 Δαναοῦ
839 3801 898 3883 γὰρ
914 3797 962 3883 ἔφη
978 3800 1027 3862 καὶ
1048 3800 1195 3887 Ἀγήνορος
1215 3810 1270 3868 τῶν
1286 3809 1340 3870 Σι-

250 3899 347 3964 δωνίων
362 3900 410 3962 καὶ
423 3900 454 3960 ἐκ
469 3895 563 3981 γένους
572 3903 619 3960 τοῦ
630 3899 774 3986 Πριάμου,
785 3900 870 3982 (lege
885 3899 951 3964 εἶναι
966 3903 997 3964 ἐν
1011 3900 1107 3985 γένους
1118 3904 1166 3966 τὸν
1181 3902 1339 3991 Πρίαμον)

251 4003 300 4064 καὶ
315 4005 398 4078 αὐτὴν
413 3998 549 4085 ὑπάρχειν
569 4001 600 4058 ἐκ
618 3998 776 4084 τοῦγένους
797 4007 894 4066 αὐτοῦ.
951 4003 1009 4066 Ἐκ
1022 4002 1187 4081 Πλησνῶνης
1208 4011 1267 4090 γὰρ
1286 4009 1336 4082 τῆς

247 4106 362 4164 Δαναοῦ
377 4099 510 4186 θυγατρδς
530 4099 651 4183 ἐγεννήθη
667 4106 680 4164 ὁ
697 4101 808 4176 ’Ἄτλας
823 4104 872 4169 καὶ
886 4103 1076 4189 ήἯλεκτρα,
1099 4107 1129 4184 ἐξ
1142 4105 1172 4182 ἦς
1195 4111 1207 4169 ὁ
1222 4108 1337 4192 adpla-
