<?xml version="1.0" encoding="UTF-8"?>
<!DOCTYPE html PUBLIC "-//W3C//DTD XHTML 1.0 Transitional//EN"
    "http://www.w3.org/TR/xhtml1/DTD/xhtml1-transitional.dtd">
<html xmlns="http://www.w3.org/1999/xhtml" xml:lang="en" lang="en">
 <head>
  <title>
</title>
<meta http-equiv="Content-Type" content="text/html;charset=utf-8" />
  <meta name='ocr-system' content='tesseract 3.04.00' />
  <meta name='ocr-capabilities' content='ocr_page ocr_carea ocr_par ocr_line ocrx_word'/>
</head>
<body>
  <div class='ocr_page' id='page_1' title='image "./dictyscretensis00josegoog/dictyscretensis00josegoog_0441.png"; bbox 0 0 2959 4875; ppageno 0'>
   <div class='ocr_carea' id='block_1_1' title="bbox 427 383 1255 448">
    <p class='ocr_par' dir='ltr' id='par_1_1' title="bbox 427 383 1255 448">
     <span class='ocr_line' id='line_1_1' title="bbox 427 383 1255 448; baseline 0.014 -12"><span class='ocrx_word' id='word_1_1' title='bbox 427 387 471 436; x_wconf 83' lang='lat' dir='ltr'><strong>nn</strong></span> <span class='ocrx_word' id='word_1_2' title='bbox 495 389 617 436; x_wconf 81' lang='lat' dir='ltr'><strong>nanno</strong></span> <span class='ocrx_word' id='word_1_3' title='bbox 641 389 815 439; x_wconf 81' lang='lat' dir='ltr'><strong>rnonnno</strong></span> <span class='ocrx_word' id='word_1_4' title='bbox 839 393 912 443; x_wconf 79' lang='lat' dir='ltr'><strong>urs.</strong></span> <span class='ocrx_word' id='word_1_5' title='bbox 937 396 976 441; x_wconf 88' lang='grc' dir='ltr'><strong>ιι.</strong></span> <span class='ocrx_word' id='word_1_6' title='bbox 1188 383 1255 448; x_wconf 75' lang='lat' dir='ltr'><strong>ela</strong></span> 
     </span>
    </p>
   </div>
   <div class='ocr_carea' id='block_1_2' title="bbox 165 527 1255 1022">
    <p class='ocr_par' dir='ltr' id='par_1_2' title="bbox 168 527 1104 619">
     <span class='ocr_line' id='line_1_2' title="bbox 168 527 1104 619; baseline 0.012 -29"><span class='ocrx_word' id='word_1_7' title='bbox 168 527 331 608; x_wconf 85' lang='lat' dir='ltr'><strong>Agnoscit</strong></span> <span class='ocrx_word' id='word_1_8' title='bbox 342 549 431 594; x_wconf 84' lang='lat' dir='ltr'><strong>nova</strong></span> <span class='ocrx_word' id='word_1_9' title='bbox 444 538 547 614; x_wconf 87' lang='lat' dir='ltr'><strong>nupta</strong></span> <span class='ocrx_word' id='word_1_10' title='bbox 562 534 680 609; x_wconf 87' lang='lat' dir='ltr'><strong>virum,</strong></span> <span class='ocrx_word' id='word_1_11' title='bbox 697 533 961 619; x_wconf 86' lang='lat' dir='ltr'><strong>pudibundaque</strong></span> <span class='ocrx_word' id='word_1_12' title='bbox 976 536 1104 601; x_wconf 86' lang='lat' dir='ltr'><strong>vultum</strong></span> 
     </span>
    </p>

    <p class='ocr_par' dir='ltr' id='par_1_3' title="bbox 170 629 1255 816">
     <span class='ocr_line' id='line_1_3' title="bbox 170 629 1255 704; baseline 0.011 -12"><span class='ocrx_word' id='word_1_13' title='bbox 170 629 305 701; x_wconf 84' lang='lat' dir='ltr'><strong>Flectit,</strong></span> <span class='ocrx_word' id='word_1_14' title='bbox 320 636 354 695; x_wconf 87' lang='lat' dir='ltr'><strong>et</strong></span> <span class='ocrx_word' id='word_1_15' title='bbox 365 639 513 696; x_wconf 87' lang='lat' dir='ltr'><strong>orantem</strong></span> <span class='ocrx_word' id='word_1_16' title='bbox 529 634 665 698; x_wconf 87' lang='lat' dir='ltr'><strong>miratur</strong></span> <span class='ocrx_word' id='word_1_17' title='bbox 681 635 804 698; x_wconf 83' lang='lat' dir='ltr'><strong>talibus</strong></span> <span class='ocrx_word' id='word_1_18' title='bbox 818 637 932 703; x_wconf 89' lang='lat' dir='ltr'><strong>illum:</strong></span> <span class='ocrx_word' id='word_1_19' title='bbox 1191 639 1255 704; x_wconf 84' lang='grc'><strong>160</strong></span> 
     </span>
     <span class='ocr_line' id='line_1_4' title="bbox 208 730 1048 816; baseline 0.011 -21"><span class='ocrx_word' id='word_1_20' title='bbox 208 730 341 816; x_wconf 77' lang='lat' dir='ltr'><strong>Inclyta</strong></span> <span class='ocrx_word' id='word_1_21' title='bbox 354 735 546 816; x_wconf 83' lang='lat' dir='ltr'><strong>sceptrigeri</strong></span> <span class='ocrx_word' id='word_1_22' title='bbox 558 736 669 816; x_wconf 90' lang='lat' dir='ltr'><strong>proles</strong></span> <span class='ocrx_word' id='word_1_23' title='bbox 683 735 706 799; x_wconf 89' lang='lat' dir='ltr'><strong>J</strong></span> <span class='ocrx_word' id='word_1_24' title='bbox 708 737 794 814; x_wconf 86' lang='lat' dir='ltr'><strong>ovis,</strong></span> <span class='ocrx_word' id='word_1_25' title='bbox 808 745 843 801; x_wconf 91' lang='lat' dir='ltr'><strong>et</strong></span> <span class='ocrx_word' id='word_1_26' title='bbox 857 739 1048 804; x_wconf 85' lang='lat' dir='ltr'><strong>minusuno</strong></span> 
     </span>
    </p>

    <p class='ocr_par' dir='ltr' id='par_1_4' title="bbox 167 832 1007 922">
     <span class='ocr_line' id='line_1_5' title="bbox 167 832 1007 922; baseline 0.011 -27"><span class='ocrx_word' id='word_1_27' title='bbox 167 832 207 896; x_wconf 92' lang='lat' dir='ltr'><strong>In</strong></span> <span class='ocrx_word' id='word_1_28' title='bbox 224 841 338 898; x_wconf 87' lang='lat' dir='ltr'><strong>natum</strong></span> <span class='ocrx_word' id='word_1_29' title='bbox 353 835 510 917; x_wconf 83' lang='lat' dir='ltr'><strong>perdocte</strong></span> <span class='ocrx_word' id='word_1_30' title='bbox 525 837 641 918; x_wconf 83' lang='lat' dir='ltr'><strong>gradu,</strong></span> <span class='ocrx_word' id='word_1_31' title='bbox 656 838 836 903; x_wconf 87' lang='lat' dir='ltr'><strong>reverende</strong></span> <span class='ocrx_word' id='word_1_32' title='bbox 851 839 1007 922; x_wconf 83' lang='lat' dir='ltr'><strong>Pelasgis</strong></span> 
     </span>
    </p>

    <p class='ocr_par' dir='ltr' id='par_1_5' title="bbox 165 933 1005 1022">
     <span class='ocr_line' id='line_1_6' title="bbox 165 933 1005 1022; baseline 0.01 -25"><span class='ocrx_word' id='word_1_33' title='bbox 165 933 314 1014; x_wconf 74' lang='lat' dir='ltr'><strong>lustitia,</strong></span> <span class='ocrx_word' id='word_1_34' title='bbox 327 936 480 1018; x_wconf 89' lang='lat' dir='ltr'><strong>belloque</strong></span> <span class='ocrx_word' id='word_1_35' title='bbox 495 945 626 1019; x_wconf 75' lang='lat' dir='ltr'><strong>potone,</strong></span> <span class='ocrx_word' id='word_1_36' title='bbox 642 939 701 1002; x_wconf 90' lang='lat' dir='ltr'><strong>tibi</strong></span> <span class='ocrx_word' id='word_1_37' title='bbox 713 940 883 1022; x_wconf 74' lang='lat' dir='ltr'><strong>supplicat</strong></span> <span class='ocrx_word' id='word_1_38' title='bbox 897 945 1005 1005; x_wconf 89' lang='lat' dir='ltr'><strong>omnis</strong></span> 
     </span>
    </p>
   </div>
   <div class='ocr_carea' id='block_1_3' title="bbox 147 1035 1286 3046">
    <p class='ocr_par' dir='ltr' id='par_1_6' title="bbox 166 1035 1091 1122">
     <span class='ocr_line' id='line_1_7' title="bbox 166 1035 1091 1122; baseline 0.01 -22"><span class='ocrx_word' id='word_1_39' title='bbox 166 1035 249 1101; x_wconf 83' lang='lat' dir='ltr'><strong>Cum</strong></span> <span class='ocrx_word' id='word_1_40' title='bbox 262 1038 347 1101; x_wconf 89' lang='lat' dir='ltr'><strong>duce</strong></span> <span class='ocrx_word' id='word_1_41' title='bbox 361 1038 466 1122; x_wconf 87' lang='lat' dir='ltr'><strong>Troja</strong></span> <span class='ocrx_word' id='word_1_42' title='bbox 479 1057 554 1114; x_wconf 88' lang='lat' dir='ltr'><strong>suo,</strong></span> <span class='ocrx_word' id='word_1_43' title='bbox 569 1040 748 1105; x_wconf 82' lang='lat' dir='ltr'><strong>Telamon:</strong></span> <span class='ocrx_word' id='word_1_44' title='bbox 769 1043 971 1109; x_wconf 83' lang='lat' dir='ltr'><strong>miserescite</strong></span> <span class='ocrx_word' id='word_1_45' title='bbox 985 1046 1091 1122; x_wconf 84' lang='lat' dir='ltr'><strong>cives,</strong></span> 
     </span>
    </p>

    <p class='ocr_par' dir='ltr' id='par_1_7' title="bbox 165 1139 1255 1328">
     <span class='ocr_line' id='line_1_8' title="bbox 165 1139 1255 1226; baseline 0.01 -25"><span class='ocrx_word' id='word_1_46' title='bbox 165 1139 284 1223; x_wconf 85' lang='lat' dir='ltr'><strong>Tuque</strong></span> <span class='ocrx_word' id='word_1_47' title='bbox 298 1141 410 1222; x_wconf 88' lang='lat' dir='ltr'><strong>prior:</strong></span> <span class='ocrx_word' id='word_1_48' title='bbox 433 1159 498 1204; x_wconf 92' lang='lat' dir='ltr'><strong>nou</strong></span> <span class='ocrx_word' id='word_1_49' title='bbox 512 1147 566 1204; x_wconf 88' lang='lat' dir='ltr'><strong>tot</strong></span> <span class='ocrx_word' id='word_1_50' title='bbox 577 1145 887 1226; x_wconf 84' lang='lat' dir='ltr'><strong>terraqnemarique</strong></span> <span class='ocrx_word' id='word_1_51' title='bbox 897 1146 1030 1210; x_wconf 83' lang='lat' dir='ltr'><strong>labores</strong></span> <span class='ocrx_word' id='word_1_52' title='bbox 1190 1147 1255 1212; x_wconf 83' lang='grc'><strong>165</strong></span> 
     </span>
     <span class='ocr_line' id='line_1_9' title="bbox 166 1240 1000 1328; baseline 0.012 -26"><span class='ocrx_word' id='word_1_53' title='bbox 166 1240 205 1303; x_wconf 95' lang='lat' dir='ltr'><strong>In</strong></span> <span class='ocrx_word' id='word_1_54' title='bbox 221 1261 356 1306; x_wconf 85' lang='lat' dir='ltr'><strong>cessum</strong></span> <span class='ocrx_word' id='word_1_55' title='bbox 369 1241 510 1306; x_wconf 83' lang='lat' dir='ltr'><strong>duxisse</strong></span> <span class='ocrx_word' id='word_1_56' title='bbox 524 1244 628 1307; x_wconf 83' lang='lat' dir='ltr'><strong>sinas.</strong></span> <span class='ocrx_word' id='word_1_57' title='bbox 661 1243 748 1308; x_wconf 86' lang='lat' dir='ltr'><strong>Post</strong></span> <span class='ocrx_word' id='word_1_58' title='bbox 762 1264 884 1328; x_wconf 88' lang='lat' dir='ltr'><strong>aspera</strong></span> <span class='ocrx_word' id='word_1_59' title='bbox 895 1248 1000 1312; x_wconf 86' lang='lat' dir='ltr'><strong>multa</strong></span> 
     </span>
    </p>

    <p class='ocr_par' dir='ltr' id='par_1_8' title="bbox 165 1342 1116 1514">
     <span class='ocr_line' id='line_1_10' title="bbox 166 1342 1116 1433; baseline 0.008 -29"><span class='ocrx_word' id='word_1_60' title='bbox 166 1342 246 1406; x_wconf 88' lang='lat' dir='ltr'><strong>Huc</strong></span> <span class='ocrx_word' id='word_1_61' title='bbox 261 1343 393 1407; x_wconf 85' lang='lat' dir='ltr'><strong>tandem</strong></span> <span class='ocrx_word' id='word_1_62' title='bbox 407 1343 473 1409; x_wconf 90' lang='lat' dir='ltr'><strong>huc</strong></span> <span class='ocrx_word' id='word_1_63' title='bbox 488 1344 583 1408; x_wconf 84' lang='lat' dir='ltr'><strong>veni:</strong></span> <span class='ocrx_word' id='word_1_64' title='bbox 605 1363 705 1408; x_wconf 89' lang='lat' dir='ltr'><strong>cerno</strong></span> <span class='ocrx_word' id='word_1_65' title='bbox 721 1364 822 1428; x_wconf 87' lang='lat' dir='ltr'><strong>quam</strong></span> <span class='ocrx_word' id='word_1_66' title='bbox 837 1367 985 1430; x_wconf 86' lang='lat' dir='ltr'><strong>quaerere</strong></span> <span class='ocrx_word' id='word_1_67' title='bbox 994 1349 1116 1433; x_wconf 88' lang='lat' dir='ltr'><strong>jussus</strong></span> 
     </span>
     <span class='ocr_line' id='line_1_11' title="bbox 165 1443 982 1514; baseline 0.011 -8"><span class='ocrx_word' id='word_1_68' title='bbox 165 1443 359 1508; x_wconf 85' lang='lat' dir='ltr'><strong>Hesionen:</strong></span> <span class='ocrx_word' id='word_1_69' title='bbox 382 1464 497 1509; x_wconf 88' lang='lat' dir='ltr'><strong>cerno:</strong></span> <span class='ocrx_word' id='word_1_70' title='bbox 517 1465 581 1509; x_wconf 92' lang='lat' dir='ltr'><strong>non</strong></span> <span class='ocrx_word' id='word_1_71' title='bbox 596 1446 668 1510; x_wconf 78' lang='lat' dir='ltr'><strong>haec</strong></span> <span class='ocrx_word' id='word_1_72' title='bbox 679 1450 878 1513; x_wconf 87' lang='lat' dir='ltr'><strong>commercia</strong></span> <span class='ocrx_word' id='word_1_73' title='bbox 892 1458 982 1514; x_wconf 87' lang='lat' dir='ltr'><strong>certe</strong></span> 
     </span>
    </p>

    <p class='ocr_par' dir='ltr' id='par_1_9' title="bbox 147 1544 942 1630">
     <span class='ocr_line' id='line_1_12' title="bbox 147 1544 942 1630; baseline 0.008 -22"><span class='ocrx_word' id='word_1_74' title='bbox 147 1569 150 1576; x_wconf 91' lang='grc'><em>·</em></span> <span class='ocrx_word' id='word_1_75' title='bbox 163 1544 186 1609; x_wconf 86' lang='lat' dir='ltr'>J</span> <span class='ocrx_word' id='word_1_76' title='bbox 190 1565 255 1608; x_wconf 93' lang='lat' dir='ltr'><strong>uno</strong></span> <span class='ocrx_word' id='word_1_77' title='bbox 267 1547 404 1630; x_wconf 84' lang='lat' dir='ltr'><strong>probat:</strong></span> <span class='ocrx_word' id='word_1_78' title='bbox 425 1547 550 1611; x_wconf 88' lang='lat' dir='ltr'><strong>victore</strong></span> <span class='ocrx_word' id='word_1_79' title='bbox 565 1567 628 1612; x_wconf 85' lang='lat' dir='ltr'><strong>suo</strong></span> <span class='ocrx_word' id='word_1_80' title='bbox 640 1547 778 1628; x_wconf 83' lang='lat' dir='ltr'><strong>captiva</strong></span> <span class='ocrx_word' id='word_1_81' title='bbox 794 1549 942 1614; x_wconf 85' lang='lat' dir='ltr'><strong>imeturl</strong></span> 
     </span>
    </p>

    <p class='ocr_par' dir='ltr' id='par_1_10' title="bbox 164 1645 1286 1836">
     <span class='ocr_line' id='line_1_13' title="bbox 165 1645 1286 1718; baseline 0.009 -9"><span class='ocrx_word' id='word_1_82' title='bbox 165 1645 266 1710; x_wconf 87' lang='lat' dir='ltr'><strong>Flens</strong></span> <span class='ocrx_word' id='word_1_83' title='bbox 278 1645 397 1711; x_wconf 81' lang='lat' dir='ltr'><strong>hilarii</strong></span> <span class='ocrx_word' id='word_1_84' title='bbox 420 1647 588 1712; x_wconf 77' lang='lat' dir='ltr'><strong>famulans</strong></span> <span class='ocrx_word' id='word_1_85' title='bbox 602 1648 764 1712; x_wconf 89' lang='lat' dir='ltr'><strong>domiuol</strong></span> <span class='ocrx_word' id='word_1_86' title='bbox 786 1650 841 1714; x_wconf 84' lang='lat' dir='ltr'><strong>vel</strong></span> <span class='ocrx_word' id='word_1_87' title='bbox 855 1652 994 1716; x_wconf 86' lang='lat' dir='ltr'><strong>barbara</strong></span> <span class='ocrx_word' id='word_1_88' title='bbox 1010 1652 1159 1718; x_wconf 83' lang='lat' dir='ltr'><strong>Graecol</strong></span> <span class='ocrx_word' id='word_1_89' title='bbox 1189 1655 1254 1718; x_wconf 82' lang='lat'><strong>170</strong></span> <span class='ocrx_word' id='word_1_90' title='bbox 1282 1652 1286 1657; x_wconf 77' lang='grc'><strong>’</strong></span> 
     </span>
     <span class='ocr_line' id='line_1_14' title="bbox 164 1745 1077 1836; baseline 0.007 -24"><span class='ocrx_word' id='word_1_91' title='bbox 164 1745 285 1812; x_wconf 88' lang='lat' dir='ltr'><strong>Redde</strong></span> <span class='ocrx_word' id='word_1_92' title='bbox 300 1749 424 1831; x_wconf 80' lang='lat' dir='ltr'><strong>magis:</strong></span> <span class='ocrx_word' id='word_1_93' title='bbox 448 1756 496 1814; x_wconf 88' lang='lat' dir='ltr'><strong>tot</strong></span> <span class='ocrx_word' id='word_1_94' title='bbox 511 1757 625 1814; x_wconf 87' lang='lat' dir='ltr'><strong>vestra</strong></span> <span class='ocrx_word' id='word_1_95' title='bbox 638 1768 738 1814; x_wconf 86' lang='lat' dir='ltr'><strong>nurus</strong></span> <span class='ocrx_word' id='word_1_96' title='bbox 752 1750 889 1835; x_wconf 86' lang='lat' dir='ltr'><strong>Europa</strong></span> <span class='ocrx_word' id='word_1_97' title='bbox 901 1755 1077 1836; x_wconf 78' lang='lat' dir='ltr'><strong>superbae,</strong></span> 
     </span>
    </p>

    <p class='ocr_par' dir='ltr' id='par_1_11' title="bbox 162 1848 1038 1920">
     <span class='ocr_line' id='line_1_15' title="bbox 162 1848 1038 1920; baseline 0.01 -9"><span class='ocrx_word' id='word_1_98' title='bbox 162 1848 232 1912; x_wconf 90' lang='lat' dir='ltr'><strong>Tot</strong></span> <span class='ocrx_word' id='word_1_99' title='bbox 246 1849 391 1914; x_wconf 89' lang='lat' dir='ltr'><strong>celebres</strong></span> <span class='ocrx_word' id='word_1_100' title='bbox 406 1851 505 1914; x_wconf 87' lang='lat' dir='ltr'><strong>babet</strong></span> <span class='ocrx_word' id='word_1_101' title='bbox 518 1852 575 1915; x_wconf 88' lang='lat' dir='ltr'><strong>illa</strong></span> <span class='ocrx_word' id='word_1_102' title='bbox 589 1851 700 1915; x_wconf 82' lang='lat' dir='ltr'><strong>faces:</strong></span> <span class='ocrx_word' id='word_1_103' title='bbox 724 1852 915 1918; x_wconf 88' lang='lat' dir='ltr'><strong>melioribus</strong></span> <span class='ocrx_word' id='word_1_104' title='bbox 933 1861 1038 1920; x_wconf 83' lang='lat' dir='ltr'><strong>ortam</strong></span> 
     </span>
    </p>

    <p class='ocr_par' dir='ltr' id='par_1_12' title="bbox 163 1948 925 2028">
     <span class='ocr_line' id='line_1_16' title="bbox 163 1948 925 2028; baseline 0.007 -14"><span class='ocrx_word' id='word_1_105' title='bbox 163 1948 287 2028; x_wconf 84' lang='lat' dir='ltr'><strong>Quaere</strong></span> <span class='ocrx_word' id='word_1_106' title='bbox 302 1951 402 2015; x_wconf 84' lang='lat' dir='ltr'><strong>eliam</strong></span> <span class='ocrx_word' id='word_1_107' title='bbox 417 1951 515 2016; x_wconf 82' lang='lat' dir='ltr'><strong>fatis:</strong></span> <span class='ocrx_word' id='word_1_108' title='bbox 537 1953 610 2016; x_wconf 81' lang='lat' dir='ltr'><strong>lraec</strong></span> <span class='ocrx_word' id='word_1_109' title='bbox 623 1952 717 2016; x_wconf 86' lang='lat' dir='ltr'><strong>edita</strong></span> <span class='ocrx_word' id='word_1_110' title='bbox 728 1952 837 2017; x_wconf 88' lang='lat' dir='ltr'><strong>sidere</strong></span> <span class='ocrx_word' id='word_1_111' title='bbox 853 1955 925 2019; x_wconf 91' lang='lat' dir='ltr'><strong>diro</strong></span> 
     </span>
    </p>

    <p class='ocr_par' dir='ltr' id='par_1_13' title="bbox 163 2051 944 2136">
     <span class='ocr_line' id='line_1_17' title="bbox 163 2051 944 2136; baseline 0.004 -21"><span class='ocrx_word' id='word_1_112' title='bbox 163 2051 203 2115; x_wconf 91' lang='lat' dir='ltr'><strong>In</strong></span> <span class='ocrx_word' id='word_1_113' title='bbox 215 2059 331 2134; x_wconf 85' lang='lat' dir='ltr'><strong>raptus</strong></span> <span class='ocrx_word' id='word_1_114' title='bbox 344 2051 502 2116; x_wconf 86' lang='lat' dir='ltr'><strong>damnata</strong></span> <span class='ocrx_word' id='word_1_115' title='bbox 517 2052 589 2128; x_wconf 87' lang='lat' dir='ltr'><strong>luit,</strong></span> <span class='ocrx_word' id='word_1_116' title='bbox 600 2051 777 2136; x_wconf 85' lang='lat' dir='ltr'><strong>facilisque</strong></span> <span class='ocrx_word' id='word_1_117' title='bbox 791 2056 842 2119; x_wconf 89' lang='lat' dir='ltr'><strong>vel</strong></span> <span class='ocrx_word' id='word_1_118' title='bbox 854 2057 944 2120; x_wconf 91' lang='lat' dir='ltr'><strong>omni</strong></span> 
     </span>
    </p>

    <p class='ocr_par' dir='ltr' id='par_1_14' title="bbox 162 2152 1253 2336">
     <span class='ocr_line' id='line_1_18' title="bbox 162 2152 1253 2236; baseline 0.007 -21"><span class='ocrx_word' id='word_1_119' title='bbox 162 2152 284 2217; x_wconf 79' lang='lat' dir='ltr'><strong>Praeda</strong></span> <span class='ocrx_word' id='word_1_120' title='bbox 300 2155 401 2230; x_wconf 88' lang='lat' dir='ltr'><strong>venit,</strong></span> <span class='ocrx_word' id='word_1_121' title='bbox 416 2171 611 2236; x_wconf 89' lang='lat' dir='ltr'><strong>semperque</strong></span> <span class='ocrx_word' id='word_1_122' title='bbox 626 2155 695 2218; x_wconf 89' lang='lat' dir='ltr'><strong>suis</strong></span> <span class='ocrx_word' id='word_1_123' title='bbox 710 2155 870 2236; x_wconf 84' lang='lat' dir='ltr'><strong>rapienda</strong></span> <span class='ocrx_word' id='word_1_124' title='bbox 882 2157 1035 2232; x_wconf 86' lang='lat' dir='ltr'><strong>minatur.</strong></span> <span class='ocrx_word' id='word_1_125' title='bbox 1187 2158 1253 2223; x_wconf 82' lang='lat'><strong>175</strong></span> 
     </span>
     <span class='ocr_line' id='line_1_19' title="bbox 163 2253 920 2336; baseline 0.004 -19"><span class='ocrx_word' id='word_1_126' title='bbox 163 2253 313 2318; x_wconf 78' lang='lat' dir='ltr'><strong>Noverat</strong></span> <span class='ocrx_word' id='word_1_127' title='bbox 326 2253 501 2336; x_wconf 83' lang='lat' dir='ltr'><strong>Argolicas</strong></span> <span class='ocrx_word' id='word_1_128' title='bbox 516 2254 668 2329; x_wconf 84' lang='lat' dir='ltr'><strong>Alcides,</strong></span> <span class='ocrx_word' id='word_1_129' title='bbox 680 2264 821 2320; x_wconf 84' lang='lat' dir='ltr'><strong>noverat</strong></span> <span class='ocrx_word' id='word_1_130' title='bbox 832 2257 920 2320; x_wconf 87' lang='lat' dir='ltr'><strong>alter</strong></span> 
     </span>
    </p>

    <p class='ocr_par' dir='ltr' id='par_1_15' title="bbox 161 2353 1026 2436">
     <span class='ocr_line' id='line_1_20' title="bbox 161 2353 1026 2436; baseline 0.003 -17"><span class='ocrx_word' id='word_1_131' title='bbox 161 2353 248 2420; x_wconf 86' lang='lat' dir='ltr'><strong>Cum</strong></span> <span class='ocrx_word' id='word_1_132' title='bbox 262 2355 402 2419; x_wconf 89' lang='lat' dir='ltr'><strong>Polluce</strong></span> <span class='ocrx_word' id='word_1_133' title='bbox 416 2375 519 2434; x_wconf 90' lang='lat' dir='ltr'><strong>error,</strong></span> <span class='ocrx_word' id='word_1_134' title='bbox 534 2358 628 2420; x_wconf 87' lang='lat' dir='ltr'><strong>novit</strong></span> <span class='ocrx_word' id='word_1_135' title='bbox 643 2375 718 2420; x_wconf 90' lang='lat' dir='ltr'><strong>cum</strong></span> <span class='ocrx_word' id='word_1_136' title='bbox 731 2357 876 2422; x_wconf 89' lang='lat' dir='ltr'><strong>Nestore</strong></span> <span class='ocrx_word' id='word_1_137' title='bbox 889 2357 1026 2436; x_wconf 87' lang='lat' dir='ltr'><strong>Peleus,</strong></span> 
     </span>
    </p>

    <p class='ocr_par' dir='ltr' id='par_1_16' title="bbox 161 2457 958 2542">
     <span class='ocr_line' id='line_1_21' title="bbox 161 2457 958 2542; baseline 0.003 -21"><span class='ocrx_word' id='word_1_138' title='bbox 161 2457 244 2521; x_wconf 90' lang='lat' dir='ltr'><strong>Cum</strong></span> <span class='ocrx_word' id='word_1_139' title='bbox 259 2458 345 2521; x_wconf 89' lang='lat' dir='ltr'><strong>levis</strong></span> <span class='ocrx_word' id='word_1_140' title='bbox 358 2476 500 2523; x_wconf 86' lang='lat' dir='ltr'><strong>escensu</strong></span> <span class='ocrx_word' id='word_1_141' title='bbox 516 2458 607 2522; x_wconf 77' lang='lat' dir='ltr'><strong>facili</strong></span> <span class='ocrx_word' id='word_1_142' title='bbox 622 2459 681 2523; x_wconf 90' lang='lat' dir='ltr'><strong>tibi</strong></span> <span class='ocrx_word' id='word_1_143' title='bbox 697 2458 812 2542; x_wconf 65' lang='lat' dir='ltr'><strong>praeda</strong></span> <span class='ocrx_word' id='word_1_144' title='bbox 827 2461 958 2524; x_wconf 85' lang='lat' dir='ltr'><strong>daretur</strong></span> 
     </span>
    </p>

    <p class='ocr_par' dir='ltr' id='par_1_17' title="bbox 162 2558 978 2641">
     <span class='ocr_line' id='line_1_22' title="bbox 162 2558 978 2641; baseline 0.001 -19"><span class='ocrx_word' id='word_1_145' title='bbox 162 2559 324 2636; x_wconf 86' lang='lat' dir='ltr'><strong>Hesione,</strong></span> <span class='ocrx_word' id='word_1_146' title='bbox 334 2578 456 2641; x_wconf 88' lang='lat' dir='ltr'><strong>meque</strong></span> <span class='ocrx_word' id='word_1_147' title='bbox 469 2558 555 2622; x_wconf 82' lang='lat' dir='ltr'><strong>haud</strong></span> <span class='ocrx_word' id='word_1_148' title='bbox 567 2558 650 2621; x_wconf 82' lang='lat' dir='ltr'><strong>lines</strong></span> <span class='ocrx_word' id='word_1_149' title='bbox 665 2560 822 2622; x_wconf 86' lang='lat' dir='ltr'><strong>trusisset</strong></span> <span class='ocrx_word' id='word_1_150' title='bbox 835 2561 870 2623; x_wconf 92' lang='lat' dir='ltr'><strong>in</strong></span> <span class='ocrx_word' id='word_1_151' title='bbox 885 2562 978 2623; x_wconf 86' lang='lat' dir='ltr'><strong>istos.</strong></span> 
     </span>
    </p>

    <p class='ocr_par' dir='ltr' id='par_1_18' title="bbox 160 2658 1252 2844">
     <span class='ocr_line' id='line_1_23' title="bbox 160 2658 1252 2743; baseline 0.005 -21"><span class='ocrx_word' id='word_1_152' title='bbox 160 2658 284 2725; x_wconf 81' lang='lat' dir='ltr'><strong>Infelix</strong></span> <span class='ocrx_word' id='word_1_153' title='bbox 300 2658 468 2737; x_wconf 85' lang='lat' dir='ltr'><strong>Priamus,</strong></span> <span class='ocrx_word' id='word_1_154' title='bbox 483 2660 513 2723; x_wconf 88' lang='lat' dir='ltr'><strong>si</strong></span> <span class='ocrx_word' id='word_1_155' title='bbox 528 2661 605 2741; x_wconf 90' lang='lat' dir='ltr'><strong>quis</strong></span> <span class='ocrx_word' id='word_1_156' title='bbox 622 2659 662 2723; x_wconf 93' lang='lat' dir='ltr'><strong>de</strong></span> <span class='ocrx_word' id='word_1_157' title='bbox 679 2667 776 2740; x_wconf 82' lang='lat' dir='ltr'><strong>gente</strong></span> <span class='ocrx_word' id='word_1_158' title='bbox 791 2668 960 2743; x_wconf 87' lang='lat' dir='ltr'><strong>superstes</strong></span> <span class='ocrx_word' id='word_1_159' title='bbox 1188 2664 1252 2728; x_wconf 77' lang='lat'><strong>180</strong></span> 
     </span>
     <span class='ocr_line' id='line_1_24' title="bbox 161 2759 883 2844; baseline -0.004 -17"><span class='ocrx_word' id='word_1_160' title='bbox 161 2761 313 2843; x_wconf 85' lang='lat' dir='ltr'><strong>Cognata</strong></span> <span class='ocrx_word' id='word_1_161' title='bbox 327 2761 444 2844; x_wconf 87' lang='lat' dir='ltr'><strong>patriae</strong></span> <span class='ocrx_word' id='word_1_162' title='bbox 458 2767 611 2843; x_wconf 77' lang='lat' dir='ltr'><strong>pensaret</strong></span> <span class='ocrx_word' id='word_1_163' title='bbox 626 2759 747 2823; x_wconf 90' lang='lat' dir='ltr'><strong>damna</strong></span> <span class='ocrx_word' id='word_1_164' title='bbox 758 2760 883 2826; x_wconf 83' lang='lat' dir='ltr'><strong>ruinae:</strong></span> 
     </span>
    </p>

    <p class='ocr_par' dir='ltr' id='par_1_19' title="bbox 161 2861 1036 2944">
     <span class='ocr_line' id='line_1_25' title="bbox 161 2861 1036 2944; baseline 0.002 -19"><span class='ocrx_word' id='word_1_165' title='bbox 161 2863 262 2927; x_wconf 87' lang='lat' dir='ltr'><strong>Hanc</strong></span> <span class='ocrx_word' id='word_1_166' title='bbox 279 2864 350 2939; x_wconf 90' lang='lat' dir='ltr'><strong>tibi,</strong></span> <span class='ocrx_word' id='word_1_167' title='bbox 361 2881 429 2925; x_wconf 89' lang='lat' dir='ltr'><strong>non</strong></span> <span class='ocrx_word' id='word_1_168' title='bbox 445 2861 594 2944; x_wconf 89' lang='lat' dir='ltr'><strong>Superis,</strong></span> <span class='ocrx_word' id='word_1_169' title='bbox 607 2862 754 2925; x_wconf 88' lang='lat' dir='ltr'><strong>animam</strong></span> <span class='ocrx_word' id='word_1_170' title='bbox 769 2861 891 2927; x_wconf 90' lang='lat' dir='ltr'><strong>debere</strong></span> <span class='ocrx_word' id='word_1_171' title='bbox 904 2863 1036 2941; x_wconf 77' lang='lat' dir='ltr'><strong>latetur,</strong></span> 
     </span>
    </p>

    <p class='ocr_par' dir='ltr' id='par_1_20' title="bbox 160 2961 1068 3046">
     <span class='ocr_line' id='line_1_26' title="bbox 160 2961 1068 3046; baseline 0.003 -19"><span class='ocrx_word' id='word_1_172' title='bbox 160 2961 270 3040; x_wconf 83' lang='lat' dir='ltr'><strong>Quam</strong></span> <span class='ocrx_word' id='word_1_173' title='bbox 286 2964 350 3029; x_wconf 89' lang='lat' dir='ltr'><strong>sibi</strong></span> <span class='ocrx_word' id='word_1_174' title='bbox 366 2970 530 3028; x_wconf 83' lang='lat' dir='ltr'><strong>servatam</strong></span> <span class='ocrx_word' id='word_1_175' title='bbox 542 2964 683 3046; x_wconf 86' lang='lat' dir='ltr'><strong>gaudet:</strong></span> <span class='ocrx_word' id='word_1_176' title='bbox 695 2963 788 3026; x_wconf 84' lang='lat' dir='ltr'><strong>sibi&#39;l</strong></span> <span class='ocrx_word' id='word_1_177' title='bbox 811 2963 870 3027; x_wconf 91' lang='lat' dir='ltr'><strong>sed</strong></span> <span class='ocrx_word' id='word_1_178' title='bbox 881 2964 1068 3043; x_wconf 86' lang='lat' dir='ltr'><strong>Telamoni,</strong></span> 
     </span>
    </p>
   </div>
   <div class='ocr_carea' id='block_1_4' title="bbox 616 3110 798 3133">
    <p class='ocr_par' dir='ltr' id='par_1_21' title="bbox 616 3110 798 3133">
     <span class='ocr_line' id='line_1_27' title="bbox 616 3110 798 3133; baseline -0.016 0"><span class='ocrx_word' id='word_1_179' title='bbox 616 3110 798 3133; x_wconf 59' lang='lat' dir='ltr'><strong>”nmmo</strong></span> 
     </span>
    </p>
   </div>
   <div class='ocr_carea' id='block_1_5' title="bbox 157 3178 1252 4308">
    <p class='ocr_par' dir='ltr' id='par_1_22' title="bbox 193 3178 760 3308">
     <span class='ocr_line' id='line_1_28' title="bbox 193 3178 619 3241; baseline 0.007 -16"><span class='ocrx_word' id='word_1_180' title='bbox 193 3180 239 3225; x_wconf 80' lang='grc'><strong>183</strong></span> <span class='ocrx_word' id='word_1_181' title='bbox 257 3178 288 3233; x_wconf 80' lang='lat' dir='ltr'><strong>Q.</strong></span> <span class='ocrx_word' id='word_1_182' title='bbox 300 3193 320 3227; x_wconf 79' lang='lat' dir='ltr'><strong>a</strong></span> <span class='ocrx_word' id='word_1_183' title='bbox 332 3192 353 3227; x_wconf 78' lang='grc' dir='ltr'><strong>ι.</strong></span> <span class='ocrx_word' id='word_1_184' title='bbox 365 3192 410 3226; x_wconf 80' lang='lat' dir='ltr'><strong>noa</strong></span> <span class='ocrx_word' id='word_1_185' title='bbox 419 3194 446 3241; x_wconf 78' lang='lat' dir='ltr'><strong>g.</strong></span> <span class='ocrx_word' id='word_1_186' title='bbox 457 3181 498 3227; x_wconf 79' lang='lat' dir='ltr'><strong>red</strong></span> <span class='ocrx_word' id='word_1_187' title='bbox 510 3180 538 3229; x_wconf 88' lang='lat' dir='ltr'><strong>T.</strong></span> <span class='ocrx_word' id='word_1_188' title='bbox 552 3180 619 3228; x_wconf 83' lang='lat' dir='ltr'><strong>Mor.</strong></span> 
     </span>
     <span class='ocr_line' id='line_1_29' title="bbox 648 3256 760 3308; baseline -0.027 0"><span class='ocrx_word' id='word_1_189' title='bbox 648 3256 760 3308; x_wconf 79' lang='lat' dir='ltr'><strong>NOTAE</strong></span> 
     </span>
    </p>

    <p class='ocr_par' dir='ltr' id='par_1_23' title="bbox 157 3336 1251 3783">
     <span class='ocr_line' id='line_1_30' title="bbox 192 3336 1250 3403; baseline 0.001 -19"><span class='ocrx_word' id='word_1_190' title='bbox 192 3339 237 3384; x_wconf 84' lang='lat' dir='ltr'><strong>lot</strong></span> <span class='ocrx_word' id='word_1_191' title='bbox 256 3336 339 3385; x_wconf 81' lang='lat' dir='ltr'><strong>Minue</strong></span> <span class='ocrx_word' id='word_1_192' title='bbox 355 3352 401 3386; x_wconf 72' lang='lat' dir='ltr'><strong>ano</strong></span> <span class='ocrx_word' id='word_1_193' title='bbox 425 3338 454 3387; x_wconf 85' lang='lat' dir='ltr'><strong>ln</strong></span> <span class='ocrx_word' id='word_1_194' title='bbox 474 3344 555 3388; x_wconf 76' lang='lat' dir='ltr'><strong>nonen</strong></span> <span class='ocrx_word' id='word_1_195' title='bbox 574 3340 685 3403; x_wconf 79' lang='lat' dir='ltr'><strong>perduete</strong></span> <span class='ocrx_word' id='word_1_196' title='bbox 724 3336 948 3399; x_wconf 59' lang='lat' dir='ltr'><strong>ooodngnorurn</strong></span> <span class='ocrx_word' id='word_1_197' title='bbox 958 3336 1152 3385; x_wconf 81' lang='lat' dir='ltr'><strong>minerinubleto</strong></span> <span class='ocrx_word' id='word_1_198' title='bbox 1163 3350 1250 3385; x_wconf 87' lang='lat' dir='ltr'><strong>errore</strong></span> 
     </span>
     <span class='ocr_line' id='line_1_31' title="bbox 157 3410 1251 3477; baseline 0.005 -20"><span class='ocrx_word' id='word_1_199' title='bbox 157 3410 246 3475; x_wconf 73' lang='lat' dir='ltr'><strong>gradu]</strong></span> <span class='ocrx_word' id='word_1_200' title='bbox 262 3412 340 3461; x_wconf 81' lang='lat' dir='ltr'><strong>Silius</strong></span> <span class='ocrx_word' id='word_1_201' title='bbox 351 3426 415 3463; x_wconf 85' lang='lat' dir='ltr'><strong>vrrr.</strong></span> <span class='ocrx_word' id='word_1_202' title='bbox 430 3413 499 3463; x_wconf 85' lang='lat' dir='ltr'><strong>‘Sed</strong></span> <span class='ocrx_word' id='word_1_203' title='bbox 508 3428 588 3477; x_wconf 77' lang='lat' dir='ltr'><strong>genus</strong></span> <span class='ocrx_word' id='word_1_204' title='bbox 598 3415 684 3463; x_wconf 81' lang='lat' dir='ltr'><strong>edrno·</strong></span> <span class='ocrx_word' id='word_1_205' title='bbox 726 3411 866 3476; x_wconf 77' lang='lat' dir='ltr'><strong>parenten&#39;</strong></span> <span class='ocrx_word' id='word_1_206' title='bbox 890 3411 970 3459; x_wconf 82' lang='lat' dir='ltr'><strong>Plura</strong></span> <span class='ocrx_word' id='word_1_207' title='bbox 981 3411 1061 3460; x_wconf 74' lang='lat' dir='ltr'><strong>huben</strong></span> <span class='ocrx_word' id='word_1_208' title='bbox 1073 3412 1140 3475; x_wconf 80' lang='lat' dir='ltr'><strong>apud</strong></span> <span class='ocrx_word' id='word_1_209' title='bbox 1153 3414 1251 3476; x_wconf 80' lang='lat' dir='ltr'><strong>Carpe·</strong></span> 
     </span>
     <span class='ocr_line' id='line_1_32' title="bbox 160 3487 1249 3556; baseline -0.001 -18"><span class='ocrx_word' id='word_1_210' title='bbox 160 3496 213 3539; x_wconf 86' lang='lat' dir='ltr'><strong>tnm</strong></span> <span class='ocrx_word' id='word_1_211' title='bbox 226 3490 341 3553; x_wconf 81' lang='lat' dir='ltr'><strong>Superis,</strong></span> <span class='ocrx_word' id='word_1_212' title='bbox 361 3506 537 3556; x_wconf 77' lang='lat' dir='ltr'><strong>nummumque</strong></span> <span class='ocrx_word' id='word_1_213' title='bbox 556 3506 602 3555; x_wconf 85' lang='lat' dir='ltr'><strong>per</strong></span> <span class='ocrx_word' id='word_1_214' title='bbox 617 3493 683 3541; x_wconf 78' lang='lat' dir='ltr'><strong>altos</strong></span> <span class='ocrx_word' id='word_1_215' title='bbox 724 3488 790 3537; x_wconf 87' lang='lat' dir='ltr'><strong>riom</strong></span> <span class='ocrx_word' id='word_1_216' title='bbox 802 3488 953 3537; x_wconf 81' lang='lat' dir='ltr'><strong>Gerertium</strong></span> <span class='ocrx_word' id='word_1_217' title='bbox 966 3488 992 3535; x_wconf 90' lang='lat' dir='ltr'><strong>in</strong></span> <span class='ocrx_word' id='word_1_218' title='bbox 1003 3487 1074 3550; x_wconf 81' lang='lat' dir='ltr'><strong>Sylr.</strong></span> <span class='ocrx_word' id='word_1_219' title='bbox 1088 3488 1179 3551; x_wconf 81' lang='lat' dir='ltr'><strong>Pupio.</strong></span> <span class='ocrx_word' id='word_1_220' title='bbox 1192 3501 1212 3537; x_wconf 87' lang='lat'><strong>1.</strong></span> <span class='ocrx_word' id='word_1_221' title='bbox 1225 3492 1249 3537; x_wconf 81' lang='lat'><strong>2.</strong></span> 
     </span>
     <span class='ocr_line' id='line_1_33' title="bbox 159 3560 1250 3630; baseline 0 -17"><span class='ocrx_word' id='word_1_222' title='bbox 159 3564 314 3627; x_wconf 73' lang='lat' dir='ltr'><strong>stringebat</strong></span> <span class='ocrx_word' id='word_1_223' title='bbox 325 3581 386 3615; x_wconf 82' lang='lat' dir='ltr'><strong>aros</strong></span> <span class='ocrx_word' id='word_1_224' title='bbox 399 3564 508 3616; x_wconf 71' lang='lat' dir='ltr'><strong>omium?</strong></span> <span class='ocrx_word' id='word_1_225' title='bbox 541 3566 636 3630; x_wconf 76' lang='lat' dir='ltr'><strong>Pupin.</strong></span> <span class='ocrx_word' id='word_1_226' title='bbox 653 3579 684 3617; x_wconf 88' lang='grc' dir='ltr'><strong>ιι.</strong></span> <span class='ocrx_word' id='word_1_227' title='bbox 724 3568 781 3615; x_wconf 80' lang='lat'>12⁰.</span> <span class='ocrx_word' id='word_1_228' title='bbox 798 3564 850 3616; x_wconf 85' lang='lat' dir='ltr'><strong>Qui</strong></span> <span class='ocrx_word' id='word_1_229' title='bbox 861 3564 967 3612; x_wconf 75' lang='lat' dir='ltr'><strong>alterins</strong></span> <span class='ocrx_word' id='word_1_230' title='bbox 977 3578 1040 3613; x_wconf 85' lang='lat' dir='ltr'><strong>vero</strong></span> <span class='ocrx_word' id='word_1_231' title='bbox 1049 3560 1142 3612; x_wconf 81' lang='lat' dir='ltr'><strong>faciem</strong></span> <span class='ocrx_word' id='word_1_232' title='bbox 1154 3565 1250 3613; x_wconf 77' lang='lat' dir='ltr'><strong>exscri-</strong></span> 
     </span>
     <span class='ocr_line' id='line_1_34' title="bbox 157 3638 1251 3704; baseline 0 -17"><span class='ocrx_word' id='word_1_233' title='bbox 157 3639 239 3687; x_wconf 83' lang='lat' dir='ltr'><strong>Tlreb.</strong></span> <span class='ocrx_word' id='word_1_234' title='bbox 261 3640 411 3701; x_wconf 85' lang='lat' dir='ltr'><strong>‘procerum</strong></span> <span class='ocrx_word' id='word_1_235' title='bbox 433 3656 522 3690; x_wconf 77' lang='lat' dir='ltr'><strong>menna</strong></span> <span class='ocrx_word' id='word_1_236' title='bbox 544 3642 635 3704; x_wconf 84' lang='lat' dir='ltr'><strong>omnir,</strong></span> <span class='ocrx_word' id='word_1_237' title='bbox 656 3650 684 3692; x_wconf 84' lang='lat' dir='ltr'><strong>et</strong></span> <span class='ocrx_word' id='word_1_238' title='bbox 725 3640 774 3703; x_wconf 87' lang='lat' dir='ltr'><strong>bit,</strong></span> <span class='ocrx_word' id='word_1_239' title='bbox 792 3642 864 3690; x_wconf 88' lang='lat' dir='ltr'><strong>illum</strong></span> <span class='ocrx_word' id='word_1_240' title='bbox 888 3638 971 3703; x_wconf 80' lang='lat' dir='ltr'><strong>poiitae</strong></span> <span class='ocrx_word' id='word_1_241' title='bbox 992 3639 1089 3688; x_wconf 68' lang='lat' dir='ltr'><strong>marui</strong></span> <span class='ocrx_word' id='word_1_242' title='bbox 1104 3638 1202 3698; x_wconf 88' lang='lat' dir='ltr'><strong>dicunt,</strong></span> <span class='ocrx_word' id='word_1_243' title='bbox 1221 3646 1251 3687; x_wconf 88' lang='lat' dir='ltr'><strong>ut</strong></span> 
     </span>
     <span class='ocr_line' id='line_1_35' title="bbox 159 3712 1251 3783; baseline -0.006 -18"><span class='ocrx_word' id='word_1_244' title='bbox 159 3717 212 3765; x_wconf 81' lang='lat' dir='ltr'><strong>alto</strong></span> <span class='ocrx_word' id='word_1_245' title='bbox 224 3715 289 3766; x_wconf 82' lang='lat' dir='ltr'><strong>Quin</strong></span> <span class='ocrx_word' id='word_1_246' title='bbox 302 3716 406 3777; x_wconf 81' lang='lat' dir='ltr'><strong>propior</strong></span> <span class='ocrx_word' id='word_1_247' title='bbox 417 3716 449 3765; x_wconf 87' lang='lat' dir='ltr'><strong>de</strong></span> <span class='ocrx_word' id='word_1_248' title='bbox 460 3731 520 3781; x_wconf 75' lang='lat' dir='ltr'><strong>rege</strong></span> <span class='ocrx_word' id='word_1_249' title='bbox 530 3717 641 3783; x_wconf 67' lang='lat' dir='ltr'><strong>gradun!</strong></span> <span class='ocrx_word' id='word_1_250' title='bbox 725 3717 801 3766; x_wconf 77' lang='lat' dir='ltr'><strong>Silius</strong></span> <span class='ocrx_word' id='word_1_251' title='bbox 811 3712 975 3764; x_wconf 73' lang='lat' dir='ltr'><strong>rn‘sretrem</strong></span> <span class='ocrx_word' id='word_1_252' title='bbox 985 3714 1092 3764; x_wconf 84' lang='lat' dir='ltr'><strong>mentite</strong></span> <span class='ocrx_word' id='word_1_253' title='bbox 1100 3712 1224 3774; x_wconf 76' lang='lat' dir='ltr'><strong>Lycorma</strong></span> <span class='ocrx_word' id='word_1_254' title='bbox 1235 3712 1251 3758; x_wconf 86' lang='lat'><strong>:&#39;</strong></span> 
     </span>
    </p>

    <p class='ocr_par' dir='ltr' id='par_1_24' title="bbox 159 3784 1252 4308">
     <span class='ocr_line' id='line_1_36' title="bbox 193 3784 1252 3857; baseline -0.009 -15"><span class='ocrx_word' id='word_1_255' title='bbox 193 3794 241 3842; x_wconf 76' lang='lat' dir='ltr'><strong>lto</strong></span> <span class='ocrx_word' id='word_1_256' title='bbox 250 3792 354 3840; x_wconf 75' lang='lat' dir='ltr'><strong>Noverat</strong></span> <span class='ocrx_word' id='word_1_257' title='bbox 364 3794 425 3839; x_wconf 82' lang='lat' dir='ltr'><strong>ulter</strong></span> <span class='ocrx_word' id='word_1_258' title='bbox 437 3792 497 3841; x_wconf 79' lang='lat' dir='ltr'><strong>Cum</strong></span> <span class='ocrx_word' id='word_1_259' title='bbox 505 3794 601 3843; x_wconf 78' lang='lat' dir='ltr'><strong>Polluce</strong></span> <span class='ocrx_word' id='word_1_260' title='bbox 608 3793 685 3857; x_wconf 79' lang='lat' dir='ltr'><strong>error]</strong></span> <span class='ocrx_word' id='word_1_261' title='bbox 725 3792 758 3841; x_wconf 81' lang='lat' dir='ltr'><strong>ud</strong></span> <span class='ocrx_word' id='word_1_262' title='bbox 768 3807 825 3856; x_wconf 70' lang='lat' dir='ltr'><strong>que</strong></span> <span class='ocrx_word' id='word_1_263' title='bbox 835 3792 911 3854; x_wconf 80' lang='lat' dir='ltr'><strong>plura</strong></span> <span class='ocrx_word' id='word_1_264' title='bbox 922 3790 1053 3838; x_wconf 76' lang='lat' dir='ltr'><strong>Heinsius.</strong></span> <span class='ocrx_word' id='word_1_265' title='bbox 1072 3785 1196 3834; x_wconf 82' lang='lat' dir='ltr'><strong>‘Mentiri</strong></span> <span class='ocrx_word' id='word_1_266' title='bbox 1206 3784 1252 3832; x_wconf 88' lang='lat' dir='ltr'><strong>rni-</strong></span> 
     </span>
     <span class='ocr_line' id='line_1_37' title="bbox 159 3861 1250 3932; baseline -0.008 -14"><span class='ocrx_word' id='word_1_267' title='bbox 159 3867 191 3918; x_wconf 79' lang='lat' dir='ltr'><strong>ln</strong></span> <span class='ocrx_word' id='word_1_268' title='bbox 204 3878 245 3917; x_wconf 86' lang='lat' dir='ltr'><strong>ent</strong></span> <span class='ocrx_word' id='word_1_269' title='bbox 262 3868 366 3929; x_wconf 78' lang='lat' dir='ltr'><strong>Cantor,</strong></span> <span class='ocrx_word' id='word_1_270' title='bbox 381 3867 522 3928; x_wconf 69' lang='grc' dir='ltr'><strong><em>μπωννμία,</em></strong></span> <span class='ocrx_word' id='word_1_271' title='bbox 535 3879 642 3932; x_wconf 84' lang='lat' dir='ltr'><strong>propter</strong></span> <span class='ocrx_word' id='word_1_272' title='bbox 652 3871 684 3917; x_wconf 76' lang='lat' dir='ltr'><strong>dr·</strong></span> <span class='ocrx_word' id='word_1_273' title='bbox 726 3868 785 3916; x_wconf 78' lang='lat' dir='ltr'><strong>uer&#39;</strong></span> <span class='ocrx_word' id='word_1_274' title='bbox 804 3868 873 3915; x_wconf 84' lang='lat' dir='ltr'><strong>idem</strong></span> <span class='ocrx_word' id='word_1_275' title='bbox 891 3866 978 3926; x_wconf 71' lang='lat' dir='ltr'><strong>Silina,</strong></span> <span class='ocrx_word' id='word_1_276' title='bbox 991 3878 1038 3927; x_wconf 89' lang='lat' dir='ltr'><strong>pro</strong></span> <span class='ocrx_word' id='word_1_277' title='bbox 1053 3861 1174 3911; x_wconf 75' lang='lat' dir='ltr'><strong>simulare</strong></span> <span class='ocrx_word' id='word_1_278' title='bbox 1185 3862 1250 3909; x_wconf 85' lang='lat' dir='ltr'><strong>x&#39;rrr.</strong></span> 
     </span>
     <span class='ocr_line' id='line_1_38' title="bbox 160 3939 1250 4009; baseline -0.01 -16"><span class='ocrx_word' id='word_1_279' title='bbox 160 3944 245 4009; x_wconf 67' lang='grc' dir='ltr'><strong><em>θύμων,</em></strong></span> <span class='ocrx_word' id='word_1_280' title='bbox 260 3958 311 4007; x_wconf 78' lang='lat' dir='ltr'><strong>qun</strong></span> <span class='ocrx_word' id='word_1_281' title='bbox 323 3941 426 4005; x_wconf 73' lang='lat' dir='ltr'><strong>lactem,</strong></span> <span class='ocrx_word' id='word_1_282' title='bbox 436 3956 486 4007; x_wconf 80' lang='lat' dir='ltr'><strong>qne</strong></span> <span class='ocrx_word' id='word_1_283' title='bbox 497 3956 588 3999; x_wconf 81' lang='lat' dir='ltr'><strong>morer,</strong></span> <span class='ocrx_word' id='word_1_284' title='bbox 599 3944 685 3992; x_wconf 81' lang='lat' dir='ltr'><strong>simili·</strong></span> <span class='ocrx_word' id='word_1_285' title='bbox 725 3942 892 4001; x_wconf 78' lang='lat' dir='ltr'><strong>Prudentius,</strong></span> <span class='ocrx_word' id='word_1_286' title='bbox 910 3940 1119 4001; x_wconf 80' lang='lat' dir='ltr'><strong>Peristephrnuu</strong></span> <span class='ocrx_word' id='word_1_287' title='bbox 1141 3950 1170 3985; x_wconf 88' lang='lat' dir='ltr'><strong>x.</strong></span> <span class='ocrx_word' id='word_1_288' title='bbox 1193 3939 1250 3983; x_wconf 71' lang='grc'><strong>1911.</strong></span> 
     </span>
     <span class='ocr_line' id='line_1_39' title="bbox 161 4009 1251 4082; baseline -0.011 -13"><span class='ocrx_word' id='word_1_289' title='bbox 161 4022 288 4070; x_wconf 85' lang='lat' dir='ltr'><strong>tudinem.</strong></span> <span class='ocrx_word' id='word_1_290' title='bbox 322 4020 395 4082; x_wconf 79' lang='lat' dir='ltr'><strong>Virg.</strong></span> <span class='ocrx_word' id='word_1_291' title='bbox 416 4032 445 4068; x_wconf 84' lang='lat' dir='ltr'><strong>x.</strong></span> <span class='ocrx_word' id='word_1_292' title='bbox 466 4017 610 4067; x_wconf 73' lang='lat' dir='ltr'><strong>‘simillima</strong></span> <span class='ocrx_word' id='word_1_293' title='bbox 627 4032 686 4081; x_wconf 90' lang='lat' dir='ltr'><strong>pro·</strong></span> <span class='ocrx_word' id='word_1_294' title='bbox 726 4018 820 4079; x_wconf 79' lang='lat' dir='ltr'><strong>‘Iapis</strong></span> <span class='ocrx_word' id='word_1_295' title='bbox 831 4029 922 4063; x_wconf 82' lang='lat' dir='ltr'><strong>neven</strong></span> <span class='ocrx_word' id='word_1_296' title='bbox 931 4014 1016 4063; x_wconf 81' lang='lat' dir='ltr'><strong>fronte</strong></span> <span class='ocrx_word' id='word_1_297' title='bbox 1024 4009 1251 4060; x_wconf 66' lang='lat' dir='ltr'><strong>mentiturminer!</strong></span> 
     </span>
     <span class='ocr_line' id='line_1_40' title="bbox 162 4086 1252 4158; baseline -0.01 -13"><span class='ocrx_word' id='word_1_298' title='bbox 162 4097 200 4145; x_wconf 82' lang='lat' dir='ltr'><strong>les</strong></span> <span class='ocrx_word' id='word_1_299' title='bbox 211 4097 358 4145; x_wconf 80' lang='lat' dir='ltr'><strong>lndieeretu</strong></span> <span class='ocrx_word' id='word_1_300' title='bbox 370 4096 431 4157; x_wconf 81' lang='lat' dir='ltr'><strong>ruis,</strong></span> <span class='ocrx_word' id='word_1_301' title='bbox 444 4102 585 4158; x_wconf 70' lang='lat' dir='ltr'><strong>gratusque</strong></span> <span class='ocrx_word' id='word_1_302' title='bbox 596 4109 687 4157; x_wconf 74' lang='lat' dir='ltr'><strong>paren·</strong></span> <span class='ocrx_word' id='word_1_303' title='bbox 725 4092 768 4142; x_wconf 79' lang='lat' dir='ltr'><strong>lte</strong></span> <span class='ocrx_word' id='word_1_304' title='bbox 778 4090 887 4141; x_wconf 87' lang='lat' dir='ltr'><strong>Tertull.</strong></span> <span class='ocrx_word' id='word_1_305' title='bbox 906 4102 925 4141; x_wconf 87' lang='lat'><strong>1.</strong></span> <span class='ocrx_word' id='word_1_306' title='bbox 948 4091 991 4138; x_wconf 90' lang='lat' dir='ltr'><strong>De</strong></span> <span class='ocrx_word' id='word_1_307' title='bbox 1001 4088 1071 4137; x_wconf 87' lang='lat' dir='ltr'><strong>cultu</strong></span> <span class='ocrx_word' id='word_1_308' title='bbox 1081 4086 1252 4141; x_wconf 68' lang='lat' dir='ltr'><strong>laminarum,</strong></span> 
     </span>
     <span class='ocr_line' id='line_1_41' title="bbox 162 4164 1107 4233; baseline -0.006 -14"><span class='ocrx_word' id='word_1_309' title='bbox 162 4170 331 4219; x_wconf 60' lang='lat' dir='ltr'><strong>liberemur?</strong></span> <span class='ocrx_word' id='word_1_310' title='bbox 362 4170 439 4221; x_wconf 77' lang='lat' dir='ltr'><strong>Silius</strong></span> <span class='ocrx_word' id='word_1_311' title='bbox 450 4183 490 4219; x_wconf 79' lang='lat' dir='ltr'><strong>rr.</strong></span> <span class='ocrx_word' id='word_1_312' title='bbox 503 4169 535 4217; x_wconf 86' lang='lat' dir='ltr'><strong>de</strong></span> <span class='ocrx_word' id='word_1_313' title='bbox 548 4168 638 4217; x_wconf 77' lang='lat' dir='ltr'><strong>endem</strong></span> <span class='ocrx_word' id='word_1_314' title='bbox 650 4184 688 4233; x_wconf 88' lang='lat' dir='ltr'><strong>re,</strong></span> <span class='ocrx_word' id='word_1_315' title='bbox 723 4170 855 4219; x_wconf 73' lang='lat' dir='ltr'><strong>‘sororem</strong></span> <span class='ocrx_word' id='word_1_316' title='bbox 867 4164 1107 4216; x_wconf 56' lang='lat' dir='ltr'><strong>menstruosum?</strong></span> 
     </span>
     <span class='ocr_line' id='line_1_42' title="bbox 163 4244 685 4308; baseline 0.002 -14"><span class='ocrx_word' id='word_1_317' title='bbox 163 4248 169 4273; x_wconf 79' lang='lat'>⁴</span> <span class='ocrx_word' id='word_1_318' title='bbox 181 4246 257 4295; x_wconf 81' lang='lat' dir='ltr'><strong>elusit</strong></span> <span class='ocrx_word' id='word_1_319' title='bbox 268 4246 357 4297; x_wconf 74' lang='lat' dir='ltr'><strong>dubios</strong></span> <span class='ocrx_word' id='word_1_320' title='bbox 369 4260 442 4297; x_wconf 88' lang='lat' dir='ltr'><strong>error</strong></span> <span class='ocrx_word' id='word_1_321' title='bbox 448 4246 464 4308; x_wconf 67' lang='grc' dir='ltr'><strong>ς’</strong></span> <span class='ocrx_word' id='word_1_322' title='bbox 479 4244 632 4296; x_wconf 77' lang='lat' dir='ltr'><strong>etLucenur</strong></span> <span class='ocrx_word' id='word_1_323' title='bbox 642 4258 685 4295; x_wconf 88' lang='lat' dir='ltr'><strong>nr.</strong></span> 
     </span>
    </p>
   </div>
   <div class='ocr_carea' id='block_1_6' title="bbox 0 0 1484 4875">
    <p class='ocr_par' dir='ltr' id='par_1_25' title="bbox 0 0 1484 4875">
     <span class='ocr_line' id='line_1_43' title="bbox 0 0 1484 4875; baseline 0 2"><span class='ocrx_word' id='word_1_324' title='bbox 0 0 1484 4875; x_wconf 95' lang='lat' dir='ltr'><strong> </strong></span> 
     </span>
    </p>
   </div>
  </div>
 </body>
</html>
