2959 4875
262 338 306 405 82
700 344 787 395 nun.
809 343 921 395 aurbs

263 518 352 566 nora
364 519 384 564 s
398 496 539 563 stillanti
559 496 697 561 vulnere
710 473 911 579 emergere'nt
927 493 1050 579 capita,
1058 492 1229 559 fabulatur
1243 490 1351 576 Apol·

261 601 413 667 lodorus.
427 596 588 664 Bibliotb.
606 614 647 661 rr.

305 699 421 783 Hnjns
434 702 545 763 autem
562 696 691 781 Hydrae
706 696 752 761 tel
766 701 836 761 erat
859 702 959 761 tantm
982 694 1205 777 malignitatis,
1219 699 1260 757 ut
1281 691 1353 776 spi·

263 800 395 865 eulaeo
411 800 515 865 tincta
527 799 665 863 uulnera
686 796 873 879 indigerent
892 794 1099 861 insanabilia.
1143 793 1284 859 Diodor.
1301 806 1352 857 ιν.

263 900 317 963 11.
333 898 498 983 Hyginus.
512 898 566 963 30.
581 897 665 962 Fab.
681 897 822 975 Seneca,
843 895 1091 961 H.Fur.135a
1114 900 1150 958 ut
1162 901 1196 959 et
1208 893 1352 977 AEsoby·

263 1001 328 1078 lns,
344 998 595 1077 Pindarieae.
1149 990 1157 1005 '

307 1099 472 1165 Nummus
500 1098 554 1165 bie
577 1105 628 1165 est
652 1098 890 1176 Pbaestiornm,
915 1098 949 1161 in
979 1097 1099 1177 Creta3
1135 1116 1233 1185 quem
1258 1096 1353 1162 dedit

263 1201 374 1267 Graio.
390 1201 535 1266 Insular.
548 1202 581 1265 7.
603 1200 691 1265 Tab.
715 1199 809 1265 Hub.
832 1198 995 1277 Goltzius,
1020 1206 1056 1263 et
1077 1198 1152 1264 225.
1174 1197 1353 1263 illustravit

264 1301 350 1366 Lnd.
365 1300 532 1367 Nunnius.
747 1294 751 1305 ’

591 1532 683 1599 ΧΧ.
726 1531 1028 1598 EURYPYLUS.

643 1683 726 1748 Lra.
743 1700 792 1747 ιν.
816 1683 905 1750 Cir.
924 1684 974 1749 lt.

265 1864 377 1929 ‘Inter
388 1884 464 1947 quar
478 1865 618 1929 nuncios
629 1864 766 1930 Priamo
780 1867 984 1949 supervenit,
996 1866 1203 1950 Eurypylum
1212 1866 1354 1950 Telephi

305 1985 347 2029 err
370 1964 495 2030 Moesia
518 1964 708 2043 adventare,
731 1986 828 2049 quern
856 1986 916 2031 rex
944 1966 1059 2031 moltis
1085 1974 1181 2031 antes
1203 1967 1352 2031 illectum

306 2064 454 2150 praemiis
478 2066 521 2129 ad
546 2070 744 2148 postremum
760 2066 928 2132 oblatione
951 2065 1130 2150 desponsa
1147 2065 1351 2131 Cassandrae

305 2165 577 2231 confirmaverat!

306 2298 557 2376 Ennianus
570 2298 658 2363 filius
666 2296 809 2382 Telephi
819 2307 854 2363 et
864 2298 1050 2382 Astyoebae
1065 2296 1157 2384 (qnae
1173 2318 1267 2363 soror
1277 2298 1354 2363 Pri-

264 2394 348 2480 ami)
367 2403 502 2481 propter
529 2417 674 2463 amorem
691 2398 889 2464 Cassandra
913 2398 1069 2483 Trojanis
1097 2418 1196 2484 opem
1220 2402 1353 2482 ferens3

237 2575 240 2581 Ι
264 2496 464 2561 adducendo
480 2497 637 2577 Cetbeos,
651 2501 775 2583 quibus
797 2500 983 2583 imperabat
997 2503 1042 2566 ad
1058 2501 1197 2567 Caicum
1213 2521 1355 2566 amnem.

264 2594 308 2675 Q.
323 2595 528 2680 Smyrnaeus,
545 2617 598 2664 vr.
611 2601 688 2664 1⁶21.

307 2697 390 2762 Fuit
416 2705 527 2764 antem
548 2701 798 2783 pulcherrimus,
829 2701 981 2768 Homero
1010 2708 1107 2779 teste,
1137 2701 1226 2787 apud
1256 2723 1355 2785 quem

263 2796 346 2882 (Οὐ.
369 2812 399 2862 a.
426 2799 520 2884 519.)
554 2802 637 2866 inter
671 2802 850 2867 iniemales
883 2804 1016 2868 umbras
1046 2805 1189 2868 occurrit
1225 2803 1355 2884 Ulyssi.

265 2899 332 2963 Sed
355 2904 390 2963 et
413 2900 567 2979 bellator,
582 2904 617 2967 in
637 2903 766 2984 praeliis
786 2905 947 2986 plurimos
977 2903 1118 2969 Graecos
1146 2904 1354 2981 interimens,

264 2998 469 3083 tandemque
484 3012 595 3066 tamen
608 3003 694 3085 ipse,
711 3002 837 3087 Pyrrho
850 3005 1000 3084 feriente,
1016 3006 1228 3070 occumbens.
1256 3005 1355 3072 Idem

264 3098 456 3181 Smyrnaeus
472 3117 540 3165 vrr.
553 3101 628 3166 18⁰.

307 3197 457 3266 Cernitur
472 3201 660 3288 Eurypylus
673 3204 709 3267 in
725 3204 999 3287 Pergamenorum
1022 3205 1247 3286 Numismate,
1263 3207 1355 3290 apud

264 3298 386 3364 Pmsob.
410 3301 661 3384 Spanbeminm,
688 3307 731 3371 do
759 3306 862 3371 Num.
887 3325 939 3371 ns.
961 3314 995 3373 et
1022 3305 1198 3373 Praestent
1215 3324 1250 3370 v.
1276 3307 1355 3372 4⁷9.

265 3399 432 3465 Hadriani
448 3402 535 3486 Imp.
549 3409 700 3489 ternpore
720 3425 890 3488 percusse.
933 3407 1030 3473 Unde
1055 3409 1203 3492 Bararus
1227 3409 1355 3492 Perga-

265 3520 390 3579 menos,
412 3503 586 3570 Hadriano
609 3509 903 3590 supparasitantes,
916 3509 1057 3595 ejusque
1081 3513 1229 3577 favorem
1251 3531 1354 3578 aueu-

264 3607 395 3683 pantes,
411 3603 444 3666 in
461 3603 635 3688 Eurypylo
656 3607 726 3671 sere
740 3605 877 3674 Antinoi
899 3609 1106 3678 dilectissimi
1125 3613 1265 3696 effigiem
1292 3635 1354 3679 ex-

265 3701 442 3784 pressisse,
456 3721 523 3767 non
538 3705 743 3788 ineleganter
766 3711 913 3794 conjicit.
