2959 4875
341 664 592 757 JACOBI
642 670 1000 763 PERIZONII

433 886 911 997 DISSERTATIO

244 1135 326 1212 DE
352 1137 622 1219 HISTORIA
649 1145 810 1223 BELLI
837 1146 1093 1237 TROJANL

125 1338 235 1417 QUAE
255 1342 469 1411 DIGTYOS
486 1346 751 1415 GRETENSIS
770 1349 946 1418 NOMEN
967 1352 1217 1439 PRAEFERT,

574 1524 765 1606 GRAEGA,

290 1690 338 1740 ET
353 1691 440 1743 ΕΜ
457 1692 686 1748 tamassanus
703 1696 849 1761 LA'i'INO,
864 1696 1049 1762 SEHIMIO,

262 1833 460 1888 HUJUSQUE
481 1836 606 1889 AETATE
630 1838 857 1892 Poulssmum
881 1841 929 1894 Ac
950 1841 1072 1894 sarto.

475 2228 575 2289 vrao
604 2230 865 2308 caramerum,

284 2372 728 2453 CHRISTOPHORO
756 2378 1048 2472 GELLARIO,

118 2536 378 2590 auscultatur
397 2539 444 2588 ΕΤ
460 2539 667 2594 arsamum
686 2541 946 2596 flumasloavm
962 2546 1005 2597 m
1019 2547 1218 2598 sarnanum-

167 2633 248 2685 ANA
266 2635 426 2686 HALENSI
444 2634 636 2688 ACADEMIA
652 2637 879 2692 Paosassottt
895 2641 1164 2706 ERUDPHSSIMO,

587 2767 618 2816 s.
649 2766 682 2814 u.
709 2769 745 2815 u.

452 2880 549 2947 JAG.
581 2883 893 2989 PERIZQNIUS.

120 3001 171 3090 Ira
194 3033 376 3108 augustum
403 3026 532 3109 oppido
560 3034 721 3110 coguntur
754 3026 877 3091 dodum
903 3029 1013 3111 magis
1041 3032 1214 3115 magisque

121 3129 308 3192 communia
322 3129 420 3192 uobis
435 3128 602 3194 literarum
618 3149 728 3207 sacra,
743 3137 785 3194 ut
798 3129 883 3196 adeo
897 3131 999 3215 pauci
1010 3130 1081 3213 jam
1097 3151 1213 3216 super-

120 3230 184 3293 sint
197 3231 289 3294 casti
301 3249 415 3295 eorum
429 3232 633 3309 sacerdotes,
647 3239 683 3296 ct
704 3232 738 3296 hi
754 3233 834 3314 ipsi,
855 3239 895 3297 ut
908 3234 1071 3298 wantum
1085 3240 1149 3312 est,
1164 3242 1217 3300 ut·

121 3351 183 3415 que
206 3332 243 3396 iu
274 3351 317 3396 eo
341 3333 504 3398 vilescunt
526 3333 639 3398 ubivis
663 3335 763 3398 bonae
787 3340 890 3412 artes,
912 3335 1013 3399 etiam
1038 3336 1216 3417 pauciores

121 3454 259 3498 numero
275 3433 370 3500 brevi
385 3433 686 3499 videanturiuturi:
709 3453 788 3498 uam
802 3435 879 3517 quis
893 3435 993 3499 facile
1009 3434 1214 3500 laboriosum

122 3556 269 3619 prorsus,
283 3537 343 3601 sed
362 3537 429 3602 sibi
445 3535 545 3600 sermo
558 3537 674 3600 inutile
691 3555 731 3600 ac
745 3545 892 3620 spretum
904 3538 1056 3620 publica,
1070 3539 1216 3604 tentabit

124 3638 279 3722 deinceps
291 3637 468 3702 studiumi
491 3639 525 3701 iu
539 3644 650 3704 vestra
669 3645 738 3702 tam
760 3637 863 3702 latum
885 3644 1020 3721 patente
1034 3639 1216 3705 Germania

123 3741 194 3824 quis
210 3740 285 3824 jam
307 3759 399 3804 nuuc
423 3759 480 3822 par
504 3759 618 3802 omues
633 3758 730 3822 paena
746 3737 959 3816 Academias,
973 3739 1033 3803 ubi
1049 3740 1110 3804 abs
1124 3747 1159 3804 te
1179 3748 1216 3803 et

123 3844 332 3923 paucissimis
347 3841 428 3906 aliis
443 3841 659 3918 discedimus,
673 3839 791 3904 existit
805 3839 962 3922 amplius,
978 3841 1037 3923 qui
1051 3840 1169 3905 sedulo
1182 3845 1216 3904 et

123 3943 204 4008 baua
217 3943 283 4008 fide
298 3943 512 4008 humaniores
525 3942 602 4006 illas
617 3948 746 4006 tueatur
758 3941 888 4019 literas,
901 3949 934 4006 et
954 3941 1120 4023 fugientes
1133 3940 1213 4005 iude

125 4043 237 4111 Musas
261 4046 385 4111 morari
411 4042 550 4120 studeat,
565 4061 606 4106 ac
630 4043 802 4127 pristinam
826 4042 964 4106 retinere
987 4042 1133 4124 autiquae
1155 4040 1214 4106 do-

125 4165 193 4212 mus
205 4147 376 4232 gloriatui
401 4143 532 4208 Floruit
545 4143 617 4222 ilia,
632 4163 707 4210 cum
722 4142 897 4226 Agricolas
911 4142 1061 4222 haberat,
1077 4141 1213 4230 Rhena-
