2959 4875
259 318 299 383 14
430 332 598 381 Joruuns
624 330 780 378 vossrus
805 329 852 377 oa
876 330 990 377 nrcru
1017 328 1168 379 corruo.

479 566 560 643 DE
605 564 814 641 DlCTY
856 562 1126 645 LATINO.

570 712 639 779 EX
663 712 832 780 EODEM
852 709 1023 777 VOSSIO

536 848 591 897 nc
619 846 858 897 ursrourcrs
886 842 1062 895 crorum.

257 987 301 1067 Q.
317 988 524 1053 sancturus
548 985 720 1049 Romanus
746 985 864 1049 latins
891 985 1036 1049 creditur
1059 983 1200 1046 vertisse
1217 981 1341 1064 Dictyo

255 1090 446 1157 Cretensem
467 1089 509 1151 da
530 1089 619 1152 bello
641 1086 809 1169 Trojano:
841 1106 984 1170 eamque
1013 1086 1264 1151 translationem
1289 1082 1341 1145 di·

254 1208 351 1254 cassa
368 1188 411 1267 Q.
425 1189 572 1254 Arcadio
596 1187 730 1264 Rufino,
745 1189 803 1269 qni
824 1188 888 1251 sub
907 1186 1129 1250 Constantino
1150 1185 1237 1265 lmp.
1259 1200 1342 1246 con·
1434 1188 1442 1201 ·

254 1290 400 1353 sulatum
420 1290 523 1371 gessit
544 1308 633 1352 anno
655 1288 748 1351 urbis
763 1302 965 1351 cronxvrrr.
1008 1284 1075 1349 Sed
1090 1285 1245 1368 quisquis
1260 1302 1341 1347 auc-

253 1397 304 1455 tor
323 1394 376 1453 est
396 1388 469 1471 ejus
492 1388 617 1473 operis,
640 1386 773 1463 Latine,
788 1404 855 1450 non
873 1385 994 1450 Groece
1009 1385 1154 1467 scripsit.
1196 1383 1340 1448 Graeccs

253 1498 366 1554 tamen
389 1495 540 1570 auctores
555 1508 630 1553 cunr
650 1488 782 1571 judicio
807 1487 888 1569 legit
910 1494 1011 1569 atque
1027 1504 1073 1549 ex
1098 1486 1140 1553 iis
1156 1486 1340 1566 excerpsit,

251 1608 328 1671 qum
340 1589 468 1653 veritati
484 1594 709 1653 consentanea
722 1586 917 1651 viderentur.
962 1586 994 1649 N
996 1605 1037 1649 ec
1053 1594 1163 1649 tamen
1174 1584 1338 1655 Constan-

251 1690 310 1755 tini
326 1709 413 1765 oevo,
437 1690 494 1753 sed
510 1690 645 1753 saeculis
659 1687 791 1770 aliquot
804 1694 896 1771 post,
912 1687 1039 1752 vixisse
1052 1704 1192 1749 censeo:
1216 1686 1281 1749 etsi
1295 1705 1337 1748 ea

250 1790 298 1853 sit
311 1788 469 1853 dictionis
485 1789 659 1869 elegantia,
676 1795 789 1851 utnon
810 1788 964 1869 indignus
977 1787 1110 1850 omnino
1126 1784 1336 1851 Constantini

250 1886 384 1971 quidem
396 1888 523 1951 saecnlo
537 1888 695 1953 videatur·
740 1887 842 1966 Quod
858 1888 1009 1969 inprimis
1026 1893 1117 1970 patet
1131 1904 1176 1949 ex
1191 1886 1336 1950 editione

248 2006 373 2070 nupera
383 1986 485 2068 juxta
495 1986 581 2053 Mss.
592 1987 676 2053 cod.
688 1988 860 2053 emendata
873 1988 1097 2071 quoeLntetiao
1110 1976 1230 2069 prodiit
1241 1986 1333 2067 apud
1346 2018 1353 2029 ·

249 2086 339 2151 Rob.
351 2086 568 2168 Stephanum.

425 2301 549 2367 IDEM
573 2301 637 2367 DE
660 2300 935 2367 HISTORICIS
959 2301 1152 2367 LATINIS
1208 2322 1214 2335 ’

645 2434 736 2498 Part
750 2450 788 2497 11.
814 2433 879 2498 Lit.
896 2434 939 2502 D.

247 2581 321 2648 Hru
345 2601 477 2667 quoqne
499 2584 644 2665 aliquem
670 2581 733 2646 sibi
754 2583 864 2645 locum
887 2583 1061 2664 postulare
1075 2582 1206 2646 videtur
1221 2583 1332 2647 Dares

246 2682 422 2766 Phrygius,
445 2682 498 2746 uel
527 2683 640 2764 potins
662 2679 901 2764 supposititius
927 2682 1079 2763 scriptor,
1104 2683 1161 2764 qui
1183 2684 1245 2746 sub
1268 2682 1333 2746 hoc

243 2783 376 2847 nomine
400 2780 637 2846 circumfertur.
682 2780 719 2846 Is
749 2798 794 2843 ex
822 2777 945 2845 Graeco
970 2801 993 2845 a
1021 2780 1176 2847 Cornelio
1197 2782 1332 2865 Nepote

244 2883 429 2946 maculatus
442 2889 495 2948 est
508 2903 516 2945 :
540 2883 569 2945 si
586 2880 740 2963 epistolae
756 2881 875 2961 nugaci
890 2882 1067 2958 credimus,
1089 2900 1168 2963 qum
1180 2883 1329 2963 praemit-

244 2982 334 3046 titur.
378 2983 458 3046 Scio
485 2982 609 3045 AEliani
644 2987 749 3044 aetate
772 2980 954 3046 etiamnum
976 2983 1130 3046 extitisse
1151 2981 1328 3064 Phrygiam

244 3082 377 3146 Daretis
392 3081 546 3146 llindem.
592 3079 680 3145 Nam
701 3080 736 3144 id
759 3081 845 3145 satis
858 3080 964 3164 liquet
985 3102 1030 3146 ex
1050 3081 1122 3164 ejus
1136 3081 1218 3144 Var.
1235 3080 1329 3144 Hist.

242 3182 266 3245 1.
279 3197 335 3248 xr.
351 3203 380 3247 c.
396 3183 449 3246 ll.
493 3183 560 3245 Sed
580 3201 645 3245 non
667 3180 795 3257 dubito,
805 3181 888 3264 quin
902 3182 997 3265 longe
1018 3183 1106 3247 alius
1120 3181 1221 3246 inerit
1233 3181 1329 3246 Grae·

242 3301 304 3347 cns
327 3283 393 3347 ille.
437 3282 527 3347 Nam
552 3301 650 3364 quern
673 3300 736 3346 nos
762 3281 883 3348 Latine
901 3283 1073 3360 habemus,
1097 3283 1183 3346 satis
1203 3283 1327 3364 prodit,

242 3384 420 3466 soexigum
435 3390 470 3446 et
484 3383 646 3447 doctrinm
662 3390 697 3448 et
712 3381 832 3466 judicii
849 3383 966 3446 fnisse.
1011 3382 1117 3448 Plane
1139 3391 1252 3447 antem
1273 3402 1327 3446 ar·

179 3565 181 3570 ,
241 3483 353 3558 bitror,
378 3501 452 3547 essa
476 3490 695 3547 commentum
721 3483 882 3562 hominis,
911 3486 972 3565 qni
988 3501 1066 3548 ‘non
1088 3489 1156 3548 tam
1179 3485 1324 3560 verterit,

241 3601 339 3665 quam
355 3584 527 3665 scripserit
539 3583 671 3648 latine:
694 3583 797 3648 immo
810 3585 867 3666 qni
889 3584 977 3649 hand
1000 3585 1180 3648 admodum
1204 3583 1323 3648 Latine
1461 3588 1464 3599 '

240 3683 385 3760 sciverit,
411 3691 450 3746 nt
477 3684 610 3748 omniuo
641 3685 673 3746 in
701 3684 911 3768 Glandorpio
935 3684 1099 3768 judicium
1125 3684 1322 3762 desiderem,

239 3800 317 3846 cunr
329 3781 577 3846 translationem
593 3801 667 3850 earn
684 3783 827 3868 Nepotis
846 3805 921 3849 csso
936 3784 1086 3850 credidit
1130 3785 1273 3867 Majoris
1288 3794 1324 3850 ct

123 3873 128 3884 '
239 3880 443 3958 eruditionis,
457 3886 491 3945 et
504 3882 690 3965 elegantiae,
704 3891 755 3948 cst
766 3884 886 3967 Dictys
896 3885 1081 3950 Cretensis:
1100 3885 1217 3968 dequo
1228 3893 1321 3969 post·

237 3999 278 4044 ea
292 3980 450 4045 dicemus.
495 3982 606 4048 Dares
620 3983 785 4066 Phrygius
799 4003 873 4048 cunr
892 3985 974 4050 alibi
999 3985 1111 4050 Mstus
1132 3992 1236 4061 extat,
1251 3990 1321 4048 tum

237 4076 471 4162 Cantabrigiae,
484 4081 516 4144 in
537 4081 739 4148 bibliotheca
753 4082 891 4161 Gaiana,
912 4092 946 4150 et
964 4083 1100 4162 Oxonii,
1116 4086 1149 4149 in
1172 4085 1320 4167 collegio

238 4177 392 4243 Omnium
407 4178 613 4246 Animarum.
