2959 4875
224 328 290 395 358
629 334 681 384 Ab
707 331 917 383 hBGTORBH·

227 504 294 551 non
307 482 456 559 diffiteor,
469 480 560 545 iilius
571 477 702 543 anxilio
712 476 830 543 Peste
845 475 998 561 pstrism,
1010 476 1179 537 nomenet
1190 472 1319 555 ingeni·

228 608 284 653 um
298 586 439 651 restitui.

271 686 441 771 Josepbus
454 686 566 767 iisque
581 681 738 759 iscnnns,
754 685 835 764 post
849 679 898 742 tot
912 678 1038 743 saeonln
1051 683 1086 742 et
1098 678 1243 759 ingenis,
1257 694 1318 741 sn·

231 808 289 856 sus
310 789 355 852 ob
371 786 519 870 Trojsm,
535 788 570 847 ut
584 780 728 847 Plnntns
741 780 897 863 loquitor,
912 782 1093 844 exereitum
1108 776 1244 854 ducere,
1261 778 1319 859 ju-

229 888 378 956 ventutis
400 886 477 951 illas
491 884 611 959 mines,
634 888 670 947 ni
687 879 822 965 quidem
841 898 919 945 mes
937 880 1053 963 opinio
1065 886 1129 958 est,
1143 878 1321 962 splendide

231 991 385 1057 exeruit:
415 988 569 1070 viamque
591 984 659 1049 illis
682 984 727 1048 nd
747 984 869 1047 ismsm
894 982 1060 1065 qnoesirit.
1104 981 1201 1066 Opns
1221 1000 1318 1043 sunm

231 1093 371 1158 Thomas
392 1086 624 1154 (isntnnriensi
646 1085 822 1169 Episcopo
845 1090 880 1149 et
900 1084 1052 1150 Henrieo
1070 1101 1110 1147 ιι.
1134 1083 1320 1165 inscripsit.

232 1192 382 1258 Thomas
396 1210 477 1256 vero
488 1188 682 1273 Episcopen
696 1188 788 1253 iiiam
800 1186 885 1251 sdiit
898 1185 999 1249 Anno
1015 1202 1075 1252 cro
1084 1200 1205 1249 onxrr.
1218 1184 1322 1247 inter-

233 1296 339 1359 fectus
355 1313 440 1357 anno
456 1308 516 1355 oro
529 1306 649 1355 osxx.
667 1291 722 1355 vel
736 1288 898 1373 sequenti,
912 1292 949 1351 nt
968 1288 1139 1369 sylvester
1152 1284 1323 1371 Gyrnldns

233 1394 289 1459 20.
311 1394 446 1460 scribit:
471 1412 517 1457 ex
540 1412 607 1476 quo
632 1392 745 1476 liquet,
768 1391 865 1455 istius
879 1389 1028 1454 ostendii
1042 1407 1132 1453 snno
1144 1388 1270 1470 alique,
1282 1385 1324 1449 ii·
1453 1441 1459 1453 .

233 1496 311 1559 bros
325 1493 387 1557 bos
399 1492 601 1577 publicatos.
644 1490 869 1557 Antiocheids
883 1490 988 1553 etism
1002 1486 1185 1554 adornasse
1191 1487 1322 1563 dieitur,

235 1616 278 1660 ex
292 1615 361 1680 qus
375 1614 489 1658 versus
503 1594 609 1658 babes
623 1594 656 1657 in
673 1591 775 1658 Notis
794 1592 838 1658 ad
858 1590 959 1656 finem
975 1606 1014 1655 n.
1047 1589 1261 1656 cambdenus
1276 1589 1325 1652 nit

236 1696 279 1761 sd
296 1696 481 1760 Hubertum
496 1693 799 1779 Arcbiepiscopurn
814 1694 1098 1769 Csntnsriensem,
1112 1692 1268 1774 quoednm
1284 1689 1325 1753 il-

235 1798 305 1862 lum
319 1797 463 1875 misisse,
478 1805 514 1860 et
525 1796 679 1860 floruisse
691 1796 792 1860 Anno
803 1811 863 1860 oro
874 1810 1037 1859 ooxxm.
1048 1813 1125 1877 quse
1137 1794 1167 1857 si
1178 1792 1244 1857 fide
1255 1792 1325 1855 reri

237 1896 337 1971 dicte,
352 1896 464 1961 forsan
479 1898 734 1979 septuagenario
749 1896 858 1980 major
878 1896 1045 1987 encessit:
1069 1895 1129 1959 sed
1150 1894 1225 1959 bren
1238 1890 1325 1975 tep-

239 2003 309 2081 ῥητα
324 1993 437 2077 ipsine.
483 1994 561 2059 Non
577 1996 697 2061 dubito
718 2005 832 2062 nutem
859 1997 1021 2079 plurimos
1040 1996 1179 2072 futuros,
1204 1996 1327 2079 qnibns

239 2097 422 2163 laureolam
436 2098 469 2159 in
483 2102 653 2161 mustaceo
669 2098 868 2180 quaesivisse
882 2097 1064 2163 videbitur:
1079 2097 1138 2181 qni
1148 2096 1256 2161 seruis
1268 2096 1328 2179 by·

133 2236 137 2245 ·
240 2200 415 2283 pererition
425 2198 560 2263 omnino
574 2198 669 2262 ilium
684 2196 860 2280 abjicient:
869 2196 942 2282 jem
954 2206 1024 2263 tmn
1033 2199 1122 2263 enirn
1129 2217 1228 2262 snres
1236 2215 1329 2261 mens

241 2301 308 2365 ists
322 2308 511 2384 personant.
556 2298 752 2363 Orationem
766 2298 858 2362 illins
877 2298 980 2363 instar
1000 2298 1118 2363 nttritoe
1139 2307 1175 2363 et
1196 2296 1329 2363 deestis

244 2405 331 2484 tege
349 2400 575 2484 proletarium,
589 2398 679 2474 δοθῆσι
699 2397 944 2485 impulissent,
960 2400 1190 2484 stribiliginem
1204 2400 1332 2466 meliori

172 2549 177 2558 .
244 2503 371 2566 soeculo
387 2499 669 2567 descobinandsm
689 2519 829 2586 sapere:
854 2502 956 2566 verbs
975 2503 1190 2577 mscnisniis,
1209 2502 1332 2585 qnibns

243 2619 356 2667 versus
365 2603 678 2682 conforivit,vaii
688 2603 1334 2686 tointiioqnentismsontiosm,inreln-

244 2705 386 2770 tinitstis
399 2705 636 2782 intestabilem,
654 2704 905 2788 Minervamque
918 2703 1150 2782 mucidiorem,
1161 2705 1216 2769 cni
1230 2723 1335 2788 spon-

243 2807 299 2888 gin
314 2806 437 2869 deietili
449 2824 546 2889 opus,
561 2824 629 2888 qus
647 2805 778 2886 phrasis
792 2803 992 2868 distenditur
1003 2803 1161 2889 hydrops,
1175 2802 1229 2881 ἕω
1240 2809 1334 2890 app

246 2902 394 2990 proripias
408 2904 592 2968 arcendam.
628 2902 729 2969 Alius
740 2905 926 2989 legirupam
936 2925 1025 2984 esse,
1034 2905 1239 2990 syllsbsrnm
1249 2915 1334 2970 tem-

245 3003 494 3092 potabimini,
505 3011 631 3070 stotern
641 3006 787 3082 auroris,
799 3014 837 3071 nt
851 3005 962 3071 Varro
977 3009 1145 3084 monebat,
1157 3007 1239 3073 nibil
1252 3027 1336 3092 pon-

246 3107 370 3185 derare,
383 3126 451 3172 non
473 3103 670 3187 smpsimus
692 3108 828 3191 styinm,
849 3107 1010 3191 illiusque
1034 3127 1154 3175 ussum
1174 3110 1335 3176 condere:

248 3219 379 3275 saturos
394 3209 510 3292 iisque
526 3228 563 3273 se
585 3211 766 3287 ambrosia,
786 3207 886 3293 qudm
905 3209 1033 3274 ioenum
1047 3229 1122 3275 osse
1135 3211 1247 3276 melle.
1288 3211 1337 3278 At

247 3311 349 3393 panio
363 3311 459 3376 aliter
469 3309 686 3395 judicabunt,
701 3331 790 3395 qnos
808 3331 871 3376 neo
889 3308 1031 3386 φιλαυτία
1044 3331 1169 3392 ooeoos,
1188 3333 1251 3378 nec
1264 3334 1337 3379 osr-

205 3461 210 3470 .
248 3410 350 3494 pendi
364 3411 513 3476 studium
528 3415 658 3478 strabos
672 3412 838 3478 reddiditr
851 3411 986 3498 rupo
999 3413 1183 3480 Simonidis
1195 3414 1338 3482 fortasse

248 3529 315 3574 non
328 3513 442 3590 coluit,
454 3511 663 3597 ἀθυρογλιιττιῑ
676 3520 735 3600 γὰρ
751 3514 800 3576 sai
815 3513 1080 3600 bispeypspriet,
1091 3515 1184 3600 qnod
1194 3516 1340 3582 Pbotins

249 3611 291 3678 de
308 3612 436 3676 Basilio
452 3613 680 3692 seleuciense,
696 3615 774 3700 κόρος
787 3614 925 3696 ἄμβλῦιιι
937 3614 1037 3702 χᾶςιι.
1052 3617 1120 3682 Sed
1134 3619 1211 3701 quis
1221 3618 1340 3694 nescii,

250 3713 362 3780 mundi
377 3732 442 3780 non
456 3733 556 3778 unnm
572 3716 713 3797 pingam,
727 3735 792 3780 neo
807 3717 888 3801 styli
902 3737 1001 3782 nnsm
1018 3718 1139 3782 faeiem
1159 3724 1341 3785 stentem

248 3836 337 3895 esse,
360 3816 429 3880 imo
442 3835 507 3881 nec
522 3835 589 3881 nno
602 3819 729 3882 saeoulo
744 3823 805 3884 ant
825 3838 914 3884 snno
931 3819 1076 3885 enodem
1088 3820 1245 3885 orationis
1258 3820 1343 3886 dno·

251 3929 322 3986 tnm
338 3925 545 4005 usurpatum,
558 3925 595 3984 ut
603 3919 789 4004 juventutis
802 3922 940 4004 spiritns
953 3922 1126 3988 omittsmi
1173 3920 1257 4004 ipso
1270 3921 1345 3986 An·

252 4025 367 4100 gusteo
379 4039 465 4097 nevo,
477 4021 562 4085 aiios
573 4039 697 4103 pressa,
711 4022 1084 4104 csstigstnetmstronae
1096 4021 1243 4102 simiiis,‘¹
1253 4023 1343 4091 aiios

507 4149 519 4184 i
535 4151 601 4204 Vide
612 4153 737 4204 Senecam
749 4156 831 4219 Epist.
839 4159 895 4206 ιιι.
909 4157 1014 4206 Seston.
1026 4167 1058 4204 ιι.
1069 4159 1095 4204 2.
