2959 4875
211 354 278 423 Μ
566 370 727 420 oscarus
751 370 959 423 caurensis

211 522 351 579 tremum
372 530 513 596 corpora
533 530 596 577 sua
616 514 759 598 quisque
782 522 948 591 curantes,
970 516 1047 579 vino
1069 520 1172 599 atque
1195 516 1304 599 epulis

211 634 270 699 per
283 614 422 681 multem
436 620 577 692 uectem,
594 612 732 697 Ajacem
748 616 939 698 simuiqoe⁴
957 614 1123 680 Achillem
1148 615 1304 682 laudibus

212 716 388 794 celebrant,
412 723 514 798 atque
536 714 579 779 ad
604 716 727 779 coelum
750 716 869 781 ferunt·
913 715 962 780 At
982 716 1072 799 apud
1093 716 1232 800 ‘l'rojam
1246 717 1304 779 ubi

211 818 342 899 requies
356 816 501 881 iuuenum
516 822 577 895 est,
592 834 657 879 uou
670 815 742 898 jam
755 815 853 880 dolor
867 818 901 880 io
916 836 996 880 casu
1014 816 1222 894 Memnonis*
1242 818 1302 880 sed

211 926 330 993 metus,
345 924 379 982 et
400 936 538 983 summus
562 936 679 995 rerum,
701 916 889 1000 desperatio
907 917 1107 982 incesserat:
1125 936 1202 981 coru
1224 918 1301 981 hinc

211 1017 411 1100 Sarpedonis
435 1018 598 1094 interitus,
629 1015 705 1080 iude
730 1017 881 1081 insecuta
905 1017 1009 1099 poulo
1037 1026 1115 1098 post
1141 1018 1301 1081 Hectoris

210 1116 322 1182 clades
337 1138 415 1201 spes
436 1118 579 1200 reliquas
601 1117 720 1181 animis
735 1116 973 1181 abstulissets⁵
997 1135 1105 1201 oeque
1117 1118 1206 1200 quod
1221 1137 1301 1201 pos-

210 1226 352 1287 tremum
380 1219 415 1282 in
445 1216 623 1282 Memnone
659 1215 794 1282 fortuna
822 1218 999 1295 obtulerat,
1035 1218 1197 1301 reliquum
1229 1219 1301 1303 jans

209 1317 392 1385 existeret!
427 1318 482 1384 Ita
504 1318 747 1382 confluentibus
763 1319 798 1383 iu
823 1338 925 1382 uuum
941 1327 991 1384 tot
1010 1319 1174 1402 aduersis,
1189 1338 1302 1384 curam

209 1438 340 1483 omnem
353 1417 553 1501 exsurgendi
563 1426 577 1453 ¹¹
592 1417 801 1482 omiserunt.⁷
844 1416 907 1503 [9.]
929 1418 978 1483 At
998 1424 1076 1501 post
1088 1438 1216 1503 paucos
1230 1419 1303 1483 dies

209 1518 335 1594 Graeci,
350 1520 502 1584 instructi
520 1517 633 1595 armis,
648 1536 838 1600 processere
850 1520 884 1582 io
899 1538 1068 1602 campum,
1083 1521 1301 1598 lacessentes,

177 1664 179 1669 -
209 1622 239 1685 si
261 1620 445 1697 auderent,v
466 1619 510 1683 ad
532 1618 721 1683 bellandum
736 1617 918 1703 Trojauos.
961 1620 1049 1699 Quis
1064 1623 1135 1685 dux
1150 1621 1302 1685 Alexan-

209 1720 265 1785 der
281 1741 356 1786 eum
370 1720 506 1803 reliquis
519 1720 676 1785 fratribus
691 1719 831 1784 militem
846 1721 987 1798 ordinat,
1009 1727 1108 1805 atque
1123 1722 1300 1786 adversum

92 1878 98 1893 ,
208 1823 326 1905 pergit.
370 1821 438 1886 Sed
463 1821 657 1904 priusquam
679 1818 774 1883 ferire
787 1820 871 1884 iuter
885 1840 923 1884 se
939 1822 1041 1896 acies,
1064 1830 1123 1886 aut
1138 1822 1208 1905 Juci
1232 1822 1302 1885 tela

209 1940 355 2007 crepere,
368 1922 500 1985 barbari
520 1918 661 1985 solotis⁸
682 1920 882 1984 ordinibus*
903 1922 1016 2003 fugam
1031 1922 1176 1987 iaciunt:
1200 1924 1299 1988 ctesi-

206 2043 273 2107 que
285 2042 399 2091 eorum
411 2022 556 2105 plurimi,
569 2029 628 2086 aut
637 2021 673 2085 io
684 2020 807 2085 flumen
819 2022 1029 2105 praecipitem
1040 2024 1122 2099 dati,
1133 2044 1208 2089 cum
1219 2024 1299 2088 hinc

206 2133 309 2208 atque
323 2124 402 2191 iude
416 2124 576 2207 ingrueret
588 2122 704 2200 hostis,
725 2129 828 2205 atque
843 2125 988 2207 undique
1003 2124 1139 2189 ademta
1152 2124 1233 2207 iuga
1247 2145 1299 2190 es

194 2220 268 2290 'set
313 2224 414 2308 Capti
429 2225 531 2291 etiam
545 2224 704 2307 Lycuou¹
720 2230 754 2288 et
767 2223 927 2288 'l'roilus5
943 2224 1132 2302 Priamidae,
1147 2245 1247 2310 quos,
1262 2226 1298 2289 iu

204 2324 352 2391 medium
381 2325 576 2409 productos,
606 2323 754 2389 Achilles
777 2324 923 2409 jugulari
948 2324 1068 2408 jubet:
1100 2326 1298 2407 indignatus,

205 2428 351 2492 nondum
377 2427 443 2492 sibi
463 2447 484 2491 a
507 2425 644 2492 Priamo
665 2444 768 2508 super
789 2422 843 2488 his
865 2445 942 2509 quae
965 2445 1078 2489 seeum
1101 2432 1298 2491 tractaverat

206 2527 411 2592 mandatum.
456 2525 543 2605 Qua
554 2527 612 2591 ubi
628 2525 887 2592 animadvertere
900 2524 1048 2609 Trojaui,
1062 2528 1183 2592 tollunt
1192 2530 1296 2609 gemi-

661 2701 841 2725 umen

198 2821 268 2880 serre
277 2835 342 2884 ause
353 2821 489 2870 asina-4
506 2820 597 2884 netpn.
609 2819 679 2870 sisssi
689 2830 769 2884 atque.
788 2828 817 2869 ct
835 2833 895 2868 aros
914 2817 1043 2868 omittitur
1061 2823 1085 2866 st
1102 2789 1163 2882 post
1179 2825 1296 2870 netu.—

200 2890 218 2933 5
228 2885 322 2946 Deiph.
333 2883 539 2934 obtulissent-o
551 2885 647 2947 Deiph.
657 2889 727 2946 utque
737 2886 770 2932 cd
779 2899 804 2945 ρ.
815 2883 842 2932 ist
854 2884 892 2932 Μ.
904 2884 1000 2946 paenis.
1010 2898 1033 2930 o.
1044 2882 1227 2944 reliquiumjous
1235 2885 1296 2933 sitit

202 2948 370 2998 nutem-t
394 2948 487 3012 ncipit.
514 2947 701 2998 saturnu—s
723 2947 820 3011 Deiph.
839 2947 1010 2996 murm-9
1036 2945 1132 3010 Delph.
1151 2962 1295 3012 precem.-

696 3105 803 3156 NOTAE

235 3223 243 3254 ¹
259 3221 334 3270 Detur
344 3222 369 3270 ia
379 3235 433 3270 cusa
443 3220 586 3285 Memnone]
607 3219 669 3281 Pro,
681 3217 727 3268 do·
766 3219 824 3268 AEn.
838 3233 857 3268 r.
868 3223 927 3269 m.
937 3220 945 3248 ⁴
956 3219 1038 3269 Parte
1049 3219 1099 3268 siis
1110 3219 1210 3284 fugiens
1218 3221 1306 3271 amia·

200 3297 242 3346 ior
263 3311 278 3346 e
300 3309 362 3345 essu
382 3295 538 3346 Memnonis.
571 3296 658 3348 Nolim
678 3295 726 3346 iroc
765 3295 1007 3355 semotissimis,
1019 3294 1116 3346 iniciis
1129 3311 1202 3361 puer,
1213 3307 1293 3363 utque

202 3371 307 3422 imitari.
765 3369 849 3433 impar
866 3384 1020 3433 congressus
1038 3370 1140 3431 sictritii,
1158 3371 1248 3420 Fertur
1266 3389 1293 3421 e·

234 3453 245 3478 ¹
264 3445 427 3510 Exsurgesdi]
442 3447 505 3496 Sese
517 3447 641 3510 erigendi.
765 3445 832 3507 quis,
841 3445 1060 3508 curruqusneset
1069 3445 1203 3507 resupinus
1215 3446 1293 3505 inani,

232 3527 243 3552 ²
261 3521 290 3570 Si
300 3521 424 3583 osderm]
434 3522 618 3584 Transpositio,
629 3521 726 3573 Nostro
767 3520 833 3569 Loto
853 3527 944 3569 tensus
956 3527 1058 3568 tameo:
1075 3519 1134 3568 isuic
1151 3521 1292 3586 cervixque

199 3602 228 3645 st
239 3596 295 3644 aiiis
306 3596 383 3644 etism
398 3595 539 3643 familiaris.
571 3595 656 3644 Series
668 3603 724 3646 est:
765 3591 898 3657 coinoequc
918 3595 1054 3644 trahuntur
1064 3594 1119 3643 Per
1139 3602 1244 3658 terram,
1263 3609 1292 3647 et

201 3671 387 3720 ‘Metuentes
396 3669 518 3731 Troianos
526 3667 557 3718 ad
571 3668 724 3730 bellandum,
764 3681 840 3716 sessa
852 3668 934 3738 pulsis
944 3669 1094 3718 inscribitur
1103 3670 1195 3721 buta?
1217 3672 1290 3722 idern

202 3745 223 3794 si
236 3742 380 3794 sederent!
763 3749 792 3794 et
808 3742 877 3792 iufra
903 3743 985 3794 Dares
1005 3745 1141 3810 Phrygius.
1181 3748 1290 3800 Tretass

241 3827 257 3852 '¹
274 3819 363 3868 &istis
381 3816 525 3882 [Dsseirtis]
542 3817 675 3882 ordinibus]
692 3820 724 3870 A·
764 3818 856 3868 scribit
871 3819 986 3869 Troilum
998 3819 1139 3883 fugientem
1150 3821 1176 3870 io
1189 3822 1289 3887 Apolli·

199 3896 348 3944 indurant
358 3895 392 3944 iss
401 3907 483 3958 mags,
499 3893 609 3944 Gsiiiee.
764 3894 803 3942 uis
809 3893 956 3956 superorat
968 3897 1091 3959 tempium
1102 3911 1131 3945 se
1141 3898 1290 3963 conjecisse,

231 3977 244 4003 ¹
261 3967 367 4033 ιφοιωι]
389 3969 622 4020 Querniioruerus
640 3969 672 4020 ab
691 3969 723 4019 Α·
764 3968 831 4017 uode
850 3983 908 4019 cum
927 3984 985 4020 eum
1004 3970 1117 4021 Achilles
1139 3972 1289 4025 obtusiore

198 4043 275 4092 cirilla
287 4044 314 4090 iu
326 4057 411 4106 pugna
421 4044 533 4093 occisum
545 4043 617 4107 dicit,
629 4046 662 4096 ΙΙ.
672 4052 699 4094 0.
763 4056 814 4092 non
834 4050 931 4107 posset,
943 4045 1022 4107 justu
1032 4059 1101 4095 srsm
1112 4061 1170 4096 euru
1181 4049 1288 4111 occidit,

230 4125 242 4159 t
259 4114 362 4178 notu]
378 4116 457 4167 Hunc
468 4124 553 4168 tsoreu
565 4129 722 4182 pugnantem
762 4119 869 4168 undeet
882 4119 996 4192 Acidios
1008 4128 1100 4182 postea
1111 4122 1180 4172 idem
1192 4123 1225 4173 ab
1237 4125 1287 4174 aiio

197 4189 721 4256 rbAchilleiotert‘eetumdescribitvirg.
758 4194 1035 4258 juxtssandemarsm
1048 4211 1143 4261 passus.
