2959 4875
406 810 511 899 nu
561 812 814 903 meur
867 784 1192 927 camec,

502 1104 580 1171 EX
615 1104 853 1173 JOANNE
888 1108 1099 1178 voss10

589 1278 638 1329 DE
653 1278 860 1332 ultroneis
875 1278 1020 1331 GRAECIS.
1161 1329 1170 1339 .

263 1738 466 1831 Quassus
488 1767 545 1831 isti
576 1767 620 1831 ad
636 1766 787 1851 Trojano
806 1773 959 1849 tempora
979 1763 1170 1839 resumatur,
1183 1758 1354 1843 Sisyphus

264 1864 369 1944 Cous,
398 1868 577 1945 Gunnnus,
607 1870 715 1932 Dares
748 1868 926 1951 Phrygius,
952 1873 986 1929 et
1021 1864 1142 1949 Dictys
1169 1862 1354 1927 Cretensis.

264 1966 431 2049 Sisyphus
457 1969 561 2046 Cous,
585 1976 625 2033 ut
650 1970 752 2046 aiunt,
780 1969 902 2033 'l'eucri
927 1968 1039 2031 scriba
1063 1966 1138 2041 suit,
1167 1983 1208 2028 ac
1231 1980 1287 2026 res
1305 1960 1355 2023 ad

264 2066 365 2131 Ilium
388 2078 499 2157 gestas
527 2069 655 2151 primus
679 2068 787 2133 literis
809 2066 1035 2150 consignavit:
1057 2086 1102 2129 ex
1124 2084 1166 2129 eo
1183 2068 1295 2129 autem
1316 2068 1357 2123 et

266 2166 369 2251 Dioty
384 2169 545 2246 Cretensi,
563 2170 731 2233 Homerus
754 2169 865 2235 hausit
878 2188 955 2252 quae
976 2166 1118 2245 cecinit3
1140 2166 1170 2229 si
1187 2162 1357 2230 cudimus

263 2266 389 2333 loanni
406 2268 518 2334 hioleli
535 2268 816 2352 Ghrouograph03
839 2289 883 2333 ex
899 2287 968 2352 qno
982 2266 1015 2330 id
1029 2266 1127 2331 refert
1140 2264 1164 2329 J
1166 2283 1243 2329 oan.
1253 2262 1359 2327 Taet-

265 2386 334 2446 aes,
349 2368 436 2434 Chil.
453 2386 486 2432 v.
502 2370 595 2433 Hist.
609 2368 665 2433 29.
868 2436 875 2456 ι

309 2467 365 2530 Ab
381 2461 457 2532 allis
479 2475 585 2533 autem
602 2469 729 2551 primus
744 2468 869 2534 dicitur
883 2468 1061 2544 Corinnus,
1075 2464 1269 2531 Palamedis
1282 2463 1357 2528 dis·

267 2567 412 2650 cipulus,
429 2569 566 2633 durante
582 2571 766 2634 etiamnum
782 2570 870 2634 hello
884 2569 1041 2652 lhojano,
1053 2565 1195 2632 Iliadem
1208 2563 1358 2630 carmine

267 2668 469 2744 modulatus,
493 2677 594 2752 atque
615 2670 651 2734 id
673 2669 782 2734 literis
802 2670 935 2735 Doricis
958 2688 979 2733 a
1000 2666 1181 2731 Palamede
1202 2663 1359 2728 inventis.

269 2767 417 2834 Dardani
431 2787 564 2851 quoqne
586 2789 730 2853 pugnam
748 2770 911 2835 adversus
933 2768 1169 2851 Paphlagonas
1189 2783 1359 2848 exposue-

268 2870 327 2948 rlt;
350 2889 515 2951 omneque
530 2868 675 2952 poeseos
689 2890 762 2936 suae
777 2875 1000 2952 argumentum
1012 2887 1106 2933 exeo
1120 2866 1266 2931 hauserit
1280 2863 1359 2928 Ho-

269 2987 392 3043 merus,
403 2975 438 3032 ut
453 2971 555 3032 aiunt.
597 2969 730 3035 Auctor
741 2969 866 3036 Suidas
879 2971 914 3033 in
930 2965 1064 3053 Κόρωνος.

314 3069 422 3132 Dares
439 3068 615 3150 Phrygius,
631 3070 787 3135 racemos
799 3070 979 3155 trojanus,
987 3068 1030 3132 ah
1047 3069 1199 3133 Homero
1209 3065 1360 3131 celebra·

271 3175 325 3231 tnr
340 3167 382 3230 Il.
406 3173 444 3231 Ε.
490 3167 573 3252 Ejus
597 3168 778 3252 Phrygiam
803 3169 947 3234 Iliadem
967 3188 1031 3233 sua
1055 3171 1234 3233 etiamnum
1253 3173 1359 3232 astate

271 3269 436 3342 extitisse.
451 3270 500 3332 ait
514 3268 667 3332 AElianus
682 3271 740 3334 lih.
758 3285 813 3333 ιι.
828 3267 910 3335 Var.
927 3269 1021 3332 Hist.
1035 3287 1112 3350 cap.
1135 3268 1187 3332 ll.
1231 3265 1284 3330 De
1298 3285 1361 3330 eo·

272 3368 346 3432 dem
375 3369 425 3432 sic
449 3367 590 3432 Photius
617 3367 811 3434 Patriarcha
833 3369 869 3432 iu
892 3368 1053 3433 Biblioth.
1077 3366 1361 3433 cancamum

261 3477 435 3552 „excerpta
446 3467 542 3532 affert
558 3487 601 3534 ex
612 3469 788 3536 Ptolemaei
803 3470 1058 3553 Hephaestionis
1072 3487 1162 3534 nova
1172 3467 1217 3533 ad
1231 3461 1362 3533 variam

274 3567 492 3632 eruditionem
507 3568 645 3633 historia
659 3589 667 3634 τ

315 3665 494 3753 Ἀντίπατρος
508 3665 539 3729 dd
551 3673 662 3744 φησινὸ
685 3666 837 3748 Ἀκάνθιος,
853 3669 973 3754 deipara
989 3670 1041 3756 apd
1063 3669 1188 3755 Ὀμῆςου
1201 3667 1362 3752 γράψαντα

274 3769 323 3845 τὴν
335 3767 455 3840 Ἰλιάδα,
475 3771 601 3851 μνήμονα
617 3769 745 3856 ysicius
761 3771 910 3857 Ἕκτορος,
924 3772 990 3856 irlp
1004 3776 1053 3834 τοῦ
1067 3773 1106 3850 μὴ
1127 3770 1232 3832 aaut
1253 3770 1362 3853 lralpor

275 3866 445 3953 Ἀχιλλῦως,
466 3869 671 3953 ‘Antipater
685 3870 869 3936 Acanthius
894 3873 1003 3949 refert,
1020 3871 1188 3948 Daretem,
1208 3871 1362 3952 quiante

278 3967 458 4036 Homerum
469 3968 606 4035 Iliadem
623 3973 838 4055 conscripsit,
856 3973 1051 4034 monitorem
1066 3970 1170 4036 luisse
1186 3971 1361 4049 Hectoris,

278 4077 511 4153 auctoremque
526 4091 567 4134 ne
580 4070 720 4136 Achillis
734 4075 861 4138 socium
873 4071 1095 4137 interimeret!
