2959 4875
392 350 463 417 'on
488 368 605 419 nanno
629 370 800 419 uaesano
824 370 896 419 nra.
920 372 970 419 tv.
1159 356 1225 424 233

128 514 234 581 facile
245 520 342 581 scuto
356 514 555 592 decutiens,u
576 514 663 579 band
684 515 817 597 segnius
830 514 1024 579 imminere.v
1067 515 1224 599 Denique

2 638 3 645 ¹
129 616 325 681 Philocteta
348 634 418 693 eos,
435 616 493 699 qni
515 616 550 680 in
573 615 675 679 muris
693 614 797 680 locati
810 621 914 693 eraut,
936 615 1067 680 eminus
1089 617 1224 699 sagittis

2 768 3 783 .
129 718 319 799 proturbat,
349 717 471 781 multos
493 716 659 781 interficit.
714 716 833 801 Neque
859 735 959 782 secus
984 736 1007 781 a
1026 717 1167 802 reliquis
1188 715 1223 782 in

130 820 227 901 purte
240 818 374 881 altares
388 824 504 897 gastau
546 815 659 901 Atque
674 836 717 884 eo
732 818 788 883 die
807 819 926 883 excisa
938 836 1122 901 eversaque
1137 838 1220 883 moes

130 918 189 982 nia
202 918 346 982 bostium
368 918 485 995 forent,
501 918 536 981 ni
550 936 621 982 nox
639 918 711 1002 jem
732 920 889 1001 ingruens
903 922 1037 983 nostros
1052 920 1097 983 ab
1110 919 1222 1002 incep-

132 1024 171 1083 to
186 1018 401 1083 cohibuisset.
445 1017 515 1097 Qui
529 1019 588 1083 ubi
602 1018 647 1083 ad
662 1039 763 1083 naves
777 1019 920 1099 regressi
935 1028 1025 1098 snut,
1047 1020 1118 1085 laeti
1140 1020 1221 1086 Phi·

2 1108 3 1141 ³
132 1119 267 1185 loctetae
294 1120 512 1197 facinoribus,
536 1128 572 1184 et
597 1121 644 1185 ob
669 1120 704 1185 id
727 1121 909 1186 maximam
933 1122 1045 1185 animo
1067 1120 1226 1187 liduciam'

2 1242 3 1255 ¹
133 1228 314 1303 gestantes,
329 1240 457 1284 summo
471 1220 586 1286 favore
600 1240 641 1285 ec
654 1221 811 1287 laudibus
822 1222 943 1287 docem
957 1222 1139 1287 celebrant.
1152 1220 1223 1300 Qui

134 1322 235 1386 simul
249 1340 324 1387 oum
340 1321 427 1399 luoe,
442 1320 613 1405 adjunctis
628 1323 692 1387 sibl
709 1322 846 1406 reliquis
857 1323 1056 1401 ducibus,in
1069 1321 1222 1407 pralium

134 1442 298 1504 egressus,
312 1422 424 1487 hostes
439 1430 532 1487 metu
554 1422 607 1487 sui
630 1423 716 1487 adeo
730 1423 901 1501 deterruit,
923 1431 961 1489 ut
977 1425 1035 1489 vix
1051 1444 1089 1488 ae
1102 1425 1223 1489 uroeni·

132 1524 198 1587 bus
213 1523 432 1589 defensarent.
475 1523 555 1607 [st]
578 1525 715 1590 Interim
736 1524 985 1608 Neoptolemus
1005 1525 1096 1609 apud
1112 1534 1223 1589 tumu-

132 1623 201 1687 lum
216 1623 372 1702 Acbillis,
387 1632 569 1709 postquam
585 1625 618 1689 io
633 1628 804 1689 auctorem
826 1629 973 1708 paternae
993 1624 1099 1689 cadis
1114 1624 1223 1689 vindi·

135 1732 248 1790 catum
264 1734 330 1803 est,
345 1727 474 1791 initium
489 1724 625 1809 lugendi
639 1726 752 1804 sumit,
772 1730 807 1790 et
827 1743 985 1790 unacum
1003 1724 1161 1791 l’boenica
1174 1734 1223 1793 at·

135 1846 199 1911 que
214 1827 303 1891 omni
318 1825 566 1911 Myrmidonum
580 1826 740 1899 exercitu,
756 1845 872 1892 comas
885 1826 1039 1911 sepulcro
1052 1827 1223 1911 deponit,'

134 1932 373 2013 pernoctatqne
394 1928 428 1992 in
447 1929 549 1994 loco.¹
592 1928 657 1993 Per
678 1928 766 1994 idem
789 1936 922 2013 tempus
943 1928 1006 1994 filii
1019 1927 1222 2008 Antimaebi,

2 2090 3 2125 ,
135 2026 177 2092 dc
200 2048 269 2112 quo
292 2047 393 2111 supra
414 2029 695 2107 memoravimus,y
717 2029 868 2113 adjuncti
895 2029 1021 2095 Priami
1042 2031 1153 2108 rebus,
1176 2030 1221 2095 ad

136 2126 307 2194 Helenum
318 2130 613 2214 veniunt,nomqae
628 2135 665 2209 qt
680 2128 722 2196 ad
734 2130 914 2195 amicitiam
928 2150 1005 2197 eum
1016 2133 1086 2195 suis
1097 2132 1222 2211 redeat,

2 2272 3 2293 .
136 2229 317 2315 deprecati,
332 2232 391 2295 nbi
405 2230 690 2327 uibillproficiunt,
704 2232 747 2297 ad
759 2251 839 2296 suos
853 2238 1049 2309 remeantes,
1065 2230 1223 2297 Diomedi

136 2334 234 2415 atque
262 2328 363 2414 Ajaci
392 2331 511 2395 elteri¹
546 2332 672 2401 itineris
697 2332 807 2398 medio
835 2339 1032 2397 occurrunt:
1070 2332 1113 2397 ab
1142 2332 1221 2416 quis

2 2434 3 2438 ’
136 2432 377 2516 comprehensi,
393 2430 610 2518 perductique
626 2434 670 2500 ad
684 2453 801 2512 naves,
815 2433 953 2519 quinam
967 2439 1089 2513 essent,
1103 2440 1137 2500 et
1150 2455 1220 2500 rem

135 2534 177 2598 ob
192 2553 293 2618 quam
306 2539 463 2598 renerent
483 2553 614 2598 omnem
637 2535 832 2620 expediunt.
875 2534 961 2600 Tum
981 2536 1147 2602 recordati
1160 2556 1224 2621 pa·

135 2635 194 2699 tris
216 2653 340 2712 eorum,
362 2639 397 2698 et
418 2655 493 2719 quae
516 2634 691 2700 adversum
711 2636 843 2719 legatos
863 2634 997 2713 dixerit,
1018 2637 1222 2721 molitusqne

136 2735 192 2814 ait,
206 2735 292 2800 tradi
304 2753 367 2799 eos
383 2733 612 2817 popularibus,
627 2742 730 2820 atque
745 2742 820 2801 ante
835 2742 1052 2820 conspectum
1064 2739 1223 2803 barbaro·

135 2855 204 2900 ram
218 2836 363 2921 produci
373 2835 507 2918 jubent,
523 2835 597 2900 dein
611 2835 782 2920 lapidibus
795 2836 926 2922 injectis
941 2840 1063 2903 necari.
1085 2838 1221 2902 Interim

136 2933 317 3001 Alexandri
330 2935 451 3001 funus·
472 2954 534 3019 per
548 2946 676 3019 partem
692 2937 816 3003 aliam⁵
838 2937 882 3002 ad
896 2937 1079 3016 OEnonem,
1094 2957 1171 3023 quar
1191 2940 1223 3004 ei

624 3135 727 3188 NO'l'AE

167 3241 178 3266 ¹
194 3232 275 3283 Fatale
284 3236 350 3282 sarr
361 3231 492 3296 dream]
507 3231 592 3296 Super
603 3245 657 3283 mo-
696 3246 781 3284 meam
789 3231 896 3296 eonjsd,
903 3232 936 3282 ad
944 3231 1008 3282 lllod
1015 3231 1113 3294 llyrnn.
1122 3228 1149 3279 la
1158 3227 1223 3278 Dia·

136 3307 193 3357 dnm
204 3309 264 3358 telis
279 3306 452 3372 gravabatur,
469 3307 515 3358 esd
527 3323 560 3358 ea
569 3316 657 3360 tamen
696 3321 773 3357 nam:
790 3306 911 3369 utimar
926 3305 952 3356 tl
965 3305 1075 3370 γέροντες
1089 3304 1128 3368 ἐφ’
1138 3302 1221 3354 ultro.

134 3381 209 3432 iarlle
220 3381 379 3434 decutiebat.
414 3382 479 3434 Rem
495 3384 593 3447 mltum,
609 3383 657 3434 aci·
700 3382 957 3433 ‘l'cadeatoraateur
966 3393 1128 3445 aensaropar
1137 3378 1224 3430 filios!

135 3456 204 3508 lieet.
728 3463 743 3490 ¹
758 3456 1037 3521 Psmetatqnea'alseo]
1056 3457 1133 3509 Quod
1144 3455 1222 3506 etlam

167 3532 325 3597 'lamiam
336 3532 367 3581 ld
377 3539 426 3589 eat,
438 3531 542 3595 instare,
549 3539 576 3583 et
585 3534 658 3598 quart
697 3531 833 3598 allqnotles
842 3531 1036 3583 observabatur.

136 3607 174 3656 ele
183 3607 340 3660 incumbere.
366 3608 504 3671 Egregium
516 3609 591 3672 plane
604 3623 660 3659 rer·
728 3617 740 3653 Ι
759 3609 820 3660 Filii
829 3611 966 3661 ΛΜ
981 3612 1011 3660 ds
1028 3625 1072 3675 qao
1087 3625 1159 3675 rapta
1174 3625 1223 3660 ne·

135 3681 203 3734 bum.
220 3684 327 3734 lltinam
338 3684 364 3732 ln
377 3683 482 3749 reliquia
492 3684 607 3734 amnibus
617 3695 659 3735 re·
696 3684 847 3749 uram]
857 3685 914 3736 bib.
923 3699 955 3736 rr.
965 3684 1010 3735 nbi
1021 3687 1158 3748 alt,aolnm
1169 3697 1223 3733 oru-

136 3773 164 3810 ae
174 3761 210 3810 ita
219 3761 370 3825 dlligeutem
383 3767 519 3824 pmtaret
531 3759 636 3826 Dictys.
697 3760 769 3809 nium
780 3760 960 3812 Antlmacbum
978 3762 1005 3810 ln
1024 3763 1132 3826 gratiam
1144 3759 1222 3809 Alex·

167 3843 183 3869 '
201 3839 286 3887 Coma
300 3837 405 3898 arpalm
421 3834 528 3899 deponit]
546 3837 598 3888 our
617 3851 657 3886 so·
698 3832 772 3884 andri
786 3834 922 3885 adversum
933 3840 1040 3884 conatos
1052 3836 1223 3892 reclamasset

135 3910 215 3960 kanis
225 3923 279 3960 moa
290 3909 349 3958 soit.
371 3909 480 3960 Homer·
490 3908 523 3957 de
534 3910 658 3961 Patroclo
697 3923 756 3959 aum
766 3909 915 3959 Menelaum
926 3909 1018 3973 injuste
1032 3908 1152 3970 injuriata
1163 3920 1223 3970 paa-

135 3985 206 4036 11³.
237 3985 300 4048 obsti
316 3983 430 4035 dladna
443 3983 512 4034 saw
523 3985 658 4035 tarnim
698 3997 754 4034 anm
763 3983 942 4032 decernerent.

137 4059 317 4119 ammaon.
340 4062 465 4126 ‘Capillls
477 4069 564 4111 autera
577 4066 658 4110 totum
729 4056 919 4121 'Aiadalterss
941 4057 985 4107 Sle
1001 4070 1103 4121 semper
1112 4056 1223 4121 Ajacem

136 4143 261 4188 murtam
279 4135 404 4198 regebrm
415 4151 478 4202 qno·
490 4134 659 4199 injiciebant!
700 4136 803 4188 olleam
814 4139 899 4185 rceat.

30 4283 35 4294 .
135 4211 187 4262 teu
197 4225 274 4279 anper
284 4212 343 4277 bac,
355 4213 428 4277 plora
438 4211 464 4262 iu
474 4209 658 4263 callimachum
730 4218 743 4246 ⁸
756 4210 891 4263 Alandri
902 4207 991 4274 fuat]
1012 4207 1099 4260 Nolim
1107 4208 1157 4260 boc
1167 4207 1224 4258 lmi-
