2959 4875
278 345 436 406 nonross
461 353 500 404 ru
524 355 715 407 urrunnun.
737 355 864 406 aarnr.
889 355 1107 408 ossunvsur.
1170 339 1237 411 ors

147 493 241 562 Hist
258 495 392 562 Daretis
413 515 459 561 ex
481 495 613 582 Lingua
625 495 750 565 Granis
763 496 906 566 verm.
942 499 1104 568 Similiter
1122 499 1233 570 Vitel-

145 599 214 664 lius
228 599 271 663 A.
289 595 378 664 xrrr.
400 599 474 668 nod.
497 601 680 668 membran.
705 599 866 668 Vitellius
888 602 931 668 ὓ.
946 617 1031 667 vrrr.
1054 605 1234 671 membrum

143 707 178 766 et
192 699 391 786 Vespasiau.
404 701 446 766 B.
459 699 513 767 25.
529 703 711 769 membran.
748 703 805 769 Ex
819 701 1046 791 bisquoedam
1056 705 1235 791 suuttrag·
1338 720 1342 726 '

144 805 256 868 mente
269 807 409 881 tantum,
420 801 481 869 sed
494 803 592 869 valde
605 805 752 889 antiqua.

189 903 282 968 Inter
309 901 434 968 Codices
459 902 657 969 Burneianus
683 904 729 971 N.
753 903 809 972 28.
833 909 890 972 est
913 906 1025 973 codex
1053 908 1235 973 membran.

143 1025 226 1071 susc.
249 1021 322 1069 xrr.
353 1006 564 1089 complexus,
589 1026 667 1073 oum
692 1007 848 1074 Historia
870 1007 1066 1088 Alexandri,
1093 1008 1232 1075 Daretis

146 1106 283 1190 Phrygii
299 1103 495 1172 Historiam.
532 1107 659 1174 Deficit
673 1110 737 1174 sub
752 1107 866 1176 tinem.

519 1358 646 1426 Codices
664 1359 859 1429 Oronienses.

186 1525 227 1590 ln
242 1524 397 1595 Bibliotlt.
415 1524 511 1594 Bodl.
525 1527 613 1594 iuter
628 1527 787 1594 Keuelmi
803 1527 922 1615 Digbii
940 1526 1079 1616 codices
1106 1536 1236 1597 restant

143 1627 232 1710 duo;
247 1649 388 1714 quornm
399 1627 878 1717 unus(1uos.1su.)eonunet,
892 1630 981 1697 iuter
995 1631 1077 1708 alia,
1090 1630 1114 1697 J
1115 1631 1236 1714 osepbi

143 1728 344 1826 Exoriensis
374 1732 416 1797 ‹le
445 1732 541 1799 Bello
571 1731 720 1818 Trojano
745 1733 872 1813 libros;
895 1733 979 1799 alter
1006 1731 1121 1820 (1⁷⁶7.
1145 1731 1236 1816 les)

144 1830 279 1898 Daretis
294 1832 434 1918 Phrygii
444 1834 645 1900 Historiam.
688 1833 758 1899 Sed
772 1833 888 1900 nullus
902 1833 958 1900 liin
975 1833 1113 1900 Daretis
1127 1833 1236 1900 oodex

143 1930 347 2014 Laudisnus,
362 1940 402 2002 ut
415 1936 451 2000 in
465 1933 566 2001 Gom.
581 1936 674 2021 Nep.
688 1957 724 2022 p.
739 1935 816 2004 746.
831 1935 962 2002 dictum
973 1941 1038 2002 est.

185 2033 273 2100 ibid.
295 2034 395 2100 3362.
417 2037 472 2102 32.
494 2036 573 2103 eod.
604 2037 740 2105 Seldeui
766 2038 1013 2123 complectitur,
1040 2033 1233 2114 lateralia,

142 2135 330 2222 Historiam
360 2137 500 2204 Daretis
529 2139 693 2221 Phrygii:
734 2137 794 2214 (de
809 2137 898 2215 boe,
940 2144 974 2203 et
1005 2135 1162 2220 Epistola
1189 2135 1234 2200 ad

142 2237 344 2304 Sallustium
371 2239 444 2323 jam
474 2257 579 2323 supra
607 2239 672 2302 sub
704 2238 862 2305 Cornelio
892 2236 1030 2321 Nepote
1038 2241 1065 2316 c)
1085 2246 1120 2304 et
1147 2237 1233 2302 inter

141 2339 358 2406 Colleotuoea
386 2339 528 2406 Lelaudi
548 2339 591 2406 ‹le
618 2339 810 2406 illustribus
835 2339 1074 2424 Scriptoribus,
1103 2337 1172 2402 rol.
1197 2354 1234 2400 v.

141 2448 208 2517 est,
239 2442 295 2507 De
316 2442 468 2527 Josepbo
496 2442 635 2521 Isoauo,
674 2443 732 2527 qui
770 2442 909 2526 scripsit
944 2440 986 2506 de
1019 2441 1119 2506 Bello
1148 2438 1235 2506 Tro·

137 2543 233 2627 jauo.
278 2542 398 2608 Codex
417 2544 472 2610 bie
496 2542 631 2608 Seldeni
647 2550 701 2608 est
723 2545 904 2609 membran.
917 2542 982 2609 iol.
994 2542 1127 2607 circiter
1141 2557 1234 2606 xrrr.

141 2652 200 2711 aut
222 2660 306 2711 xw.
326 2664 406 2711 snae.
449 2644 493 2709 Iu
517 2644 624 2709 fronte
650 2644 746 2709 Hiat.
770 2644 907 2729 scripsit
932 2644 983 2708 vir
1006 2644 1145 2707 illustris
1170 2660 1233 2706 sua

141 2764 255 2823 mann,
268 2751 305 2812 ut
327 2746 363 2811 iu
386 2746 462 2811 aliis
481 2745 553 2810 suis
572 2744 696 2822 Libris,
721 2744 923 2809 senteutiam
949 2744 1043 2810 illam
1070 2762 1173 2827 quum
1195 2742 1233 2807 iu

141 2846 275 2911 deliciis
289 2846 415 2923 habuit,
430 2846 500 2933 llrgi
514 2844 624 2909 πάντων
640 2842 791 2930 ἔλευθιρῐα.

188 2944 339 3015 &neraei
353 2948 427 3013 Lat.
443 2946 489 3012 N.
503 2945 579 3012 158.
602 2946 740 3013 Daretis
763 2944 900 3031 Phrygii
922 2942 1019 3013 Hist.
1035 2944 1113 3010 eod.
1129 2964 1233 3009 mem·

139 3052 233 3115 bran.
262 3069 338 3115 cum
366 3050 567 3133 quibusdam
591 3048 734 3114 scholiis·
753 3048 999 3132 manuscriptis.
1041 3042 1234 3131 Prarfigltur

141 3150 299 3236 Epistola
326 3150 481 3236 Nepotis,
504 3168 582 3237 quur
610 3154 764 3214 vocatur.
807 3148 909 3213 Sexti
935 3146 1016 3213 Ruti
1043 3147 1231 3214 Dictatoris

142 3250 353 3319 Breviarium
369 3252 533 3320 Historiae
549 3250 714 3317 Romanae
728 3250 949 3336 subjungitur.
994 3248 1136 3315 Giroiter
1150 3268 1231 3315 snae.

144 3368 228 3419 xw.

188 3454 340 3521 cononici
354 3456 430 3521 Lat.
448 3454 482 3522 N
486 3502 493 3517 .
509 3456 585 3523 267.
617 3456 759 3540 Dictyos
774 3452 948 3519 Cretensis
962 3454 1038 3518 cod.
1052 3452 1231 3517 membran.

142 3576 224 3623 seeo.
240 3572 307 3622 xv.
323 3558 489 3641 eleganter
502 3554 660 3643 scriptus,
676 3558 750 3623 sine
763 3554 902 3622 scholiis
917 3564 977 3622 aut
992 3553 1124 3639 glossis.
1160 3554 1232 3617 Sub
1258 3568 1264 3575 ·

142 3658 243 3724 tinem
256 3657 392 3741 legitur:
408 3660 577 3727 ‘Antonio
593 3660 695 3727 Bello
705 3658 895 3725 Geuuensis
911 3656 1094 3741 Magnifice
1107 3653 1233 3720 loanni

142 3762 228 3827 bene
241 3762 380 3825 merenti
395 3760 483 3827 douo
498 3761 613 3827 dedit!

187 3862 230 3927 lu
245 3862 404 3927 Bibliotlr.
423 3859 505 3927 Coll.
522 3860 637 3949 Mago.
651 3870 703 3929 est
716 3864 794 3927 eorl.
818 3862 952 3928 Daretis
976 3859 1113 3944 Phrygii
1138 3858 1231 3923 Hist.

143 3984 211 4029 una
241 3982 317 4029 cum
340 3963 425 4028 Julii
444 3963 551 4030 Solini
570 3965 735 4051 Polyhist.
781 3963 1000 4045 Subsequitur
1019 3958 1186 4024 ‘Pulchro
1198 3967 1233 4025 et

143 4064 349 4131 admirabilis
366 4066 521 4137 Historia
543 4067 717 4152 Apollonii
739 4066 836 4152 'l'yrii
857 4060 1022 4151 (Tyanei)
1043 4059 1173 4128 Uxoris
1199 4067 1233 4126 et

146 4166 267 4233 silio!
