2959 4875
372 978 930 1091 LECTORIBUS

456 1270 600 1367 LUD.
646 1288 848 1365 SMIDS.

503 1600 806 1617 a.-.—.-—-

504 1621 806 1645 —

120 1864 443 1967 Quasnoournsu
471 1890 660 1972 Scriptores
687 1890 832 1956 Troicos
855 1890 990 1957 laudare
1019 1892 1222 1974 multisque.

119 1988 282 2053 verborum
301 1990 449 2073 phaleris
471 2009 644 2066 exornare,
660 1997 751 2054 vetat
763 1991 879 2055 horum
894 1992 1040 2075 dignitas
1061 2000 1098 2057 et
1111 2010 1198 2073 prae·

117 2088 242 2164 stantia,
273 2090 489 2154 solummodo
508 2090 592 2153 hanc
623 2090 816 2168 editionem,
846 2110 967 2155 norma
1002 2097 1047 2169 et,
1076 2091 1108 2155 ai
1131 2110 1197 2154 non

117 2189 437 2266 emaculatissimam
467 2191 635 2273 prioribus
672 2189 792 2253 saltem
820 2191 1081 2255 emendatiorem
1109 2209 1199 2254 com·

116 2286 259 2353 mandare
282 2297 339 2353 est
353 2292 490 2353 animos.
534 2289 625 2367 Quid
650 2288 705 2353 hic
719 2290 822 2371 igitur
833 2278 1099 2373 praestiterimus,
1113 2288 1199 2353 Lec-

115 2390 194 2451 tores
207 2389 378 2466 benevoli,
392 2390 512 2473 paucis
525 2390 684 2473 accipite.
777 2468 780 2477 ¹

153 2505 176 2548 r.
197 2487 347 2572 Dictyos
364 2491 563 2572 Dareusque
579 2497 785 2566 contextum,
800 2510 821 2555 a
840 2489 1090 2573 typothetarum
1106 2489 1198 2553 vitiis

113 2585 240 2668 (mirum
265 2609 370 2672 quam
394 2589 638 2672 frequentibus)
659 2591 922 2674 repurgavimus,
948 2596 982 2653 et
997 2607 1134 2673 prorsus
1149 2589 1199 2652 in-

113 2698 299 2772 corruptum
315 2689 396 2755 dare
412 2692 522 2755 conati
538 2691 673 2754 luimus.

155 2804 193 2849 rr.
214 2789 461 2854 annotationes
476 2790 707 2855 emdttissimae
722 2796 893 2865 matronae,
908 2785 1016 2851 Anum
1033 2786 1199 2856 Dacedae,

113 2892 360 2972 typothetarum
373 2891 462 2955 forte
480 2891 618 2968 incuria,
632 2891 812 2953 innumeris
827 2890 862 2952 iu
875 2888 963 2953 locis
985 2887 1116 2951 ‘sordide
1131 2887 1199 2950 dis-

115 2991 241 3066 tinctas,
256 2991 333 3076 (cui
348 2998 446 3056 vacat
459 3011 534 3060 cum
545 2990 609 3054 hac
619 2999 735 3053 nostra
745 2987 1082 3053 editionemconferre
1092 2985 1200 3050 Galli·

114 3111 194 3168 cam,
204 3092 271 3155 hoc
282 3110 402 3174 negare
411 3091 543 3153 minime
556 3087 709 3172 poterit,)
722 3088 992 3163 instauravimus,
1008 3085 1201 3149 emendavi-

113 3211 193 3270 mus,
207 3192 455 3274 supplevimus.

153 3310 209 3358 ιιι.
245 3293 363 3356 Notas
392 3292 530 3372 integras
558 3289 734 3352 illustrium
767 3289 921 3363 virorum,
948 3285 1025 3352 Jos.
1049 3285 1201 3354 Mercari,

114 3389 211 3475 Casp.
235 3389 381 3458 Barthii.
396 3387 466 3451 Ulr.
481 3387 652 3464 Obrechti,
667 3387 765 3451 Paul.
780 3383 965 3468 Vindingii,
981 3385 1098 3450 doctas
1123 3402 1202 3446 sane

44 3539 45 3582 ἶ
115 3493 337 3577 etjucundas,
352 3489 548 3573 adjecimus.

44 3589 45 3614 ³
154 3611 203 3657 ιν.
228 3593 379 3674 Propter
406 3590 529 3654 heroici
553 3587 732 3670 argumenti
759 3587 953 3667 elegantiam
984 3603 1116 3668 quoque
1140 3581 1162 3646 J
1166 3601 1203 3644 o·

44 3677 45 3756 l
115 3694 205 3776 sephi
229 3689 440 3756 Exouiensis
465 3691 536 3754 sive
560 3688 672 3752 lscani
693 3687 733 3750 de
755 3685 849 3749 bello
868 3684 1019 3768 'lhojano
1038 3682 1202 3765 egregium

44 4035 46 4134 l

44 4205 46 4288 l

44 4377 46 4436 l

114 3813 255 3869 carmen,
281 3790 561 3855 Sam.1)resemii
587 3789 675 3852 notis
700 3788 827 3871 optime
849 3785 1061 3862 illustratum,
1076 3781 1205 3847 addidi·

115 3913 207 3958 mus:
231 3893 346 3956 dictas
361 3910 440 3955 vero
455 3899 553 3956 notas
564 3890 742 3954 admodum
753 3888 952 3968 negligenter
962 3886 1206 3950 consarcinatae
1317 3924 1320 3928 -

113 4013 152 4058 ac
172 3993 371 4067 distinctas,
385 3997 569 4076 perattento
583 3988 727 4072 quodam
751 3986 891 4087 Erudito
914 3983 1206 4070 adjuvaute„poli·

44 4167 45 4174 χ
116 4100 166 4158 tas
179 4101 216 4159 et
229 4099 413 4158 accuratus
427 4092 664 4176 expressimus.

175 4211 303 4276 nam
317 4207 375 4259 re.
388 4209 452 4259 cae
583 4203 728 4254 nerem.
1118 4198 1141 4251 Α
