2959 4875
225 328 288 397 lut
556 348 730 397 orcrron
751 348 961 398 cerrensis

224 498 291 568 tus,
306 491 540 573 ingressusque
553 488 684 553 hostem
701 490 943 573 complectitur,
961 510 1058 555 mauu
1073 490 1189 554 dextre
1201 492 1308 573 popli·

225 598 289 655 tem
314 591 597 672 succidens:.quo
626 591 761 655 vulnere
787 590 1005 668 debilitatum,
1034 598 1136 674 etque
1165 594 1309 655 exsectis

223 694 332 757 nervis
344 692 527 755 invalidum
541 691 717 773 propulset
731 690 889 774 corpore,¹
911 698 1126 774 mentemque
1140 692 1307 757 interficit.

223 792 283 877 [8.]
305 790 407 870 Quod
430 792 488 856 ubi
511 792 770 855 animadvertere
785 791 921 875 Trojuni
935 793 993 874 qni
1015 793 1116 875 juxta
1139 790 1308 867 steterunt,

223 895 379 976 gemitum
390 891 663 973 magnoclemore
678 893 820 969 tollunt,⁴
833 893 1025 975 relictisque
1033 890 1202 958 ordinibus
1216 893 1309 972 signo

224 994 315 1071 duto,
331 1012 422 1057 erma
435 992 469 1056 in
484 992 673 1055 Patroclum
687 992 824 1071 vertunt,
837 993 968 1057 scilicet
982 992 1184 1075 Sarpedonis
1198 993 1312 1055 interi·

222 1102 292 1159 tum
307 1094 477 1176 publicam
490 1093 619 1157 cladem
633 1095 704 1156 rati.
737 1090 785 1155 At
795 1092 988 1171 Patroclus,
1002 1094 1147 1176 praeviso
1161 1094 1308 1157 bostium

223 1197 365 1278 agmine,
380 1196 485 1260 telum
500 1196 643 1275 positum
659 1194 750 1259 humi
766 1190 906 1277 prop'er'e
922 1191 1307 1277 rapit,‘compositusqne

221 1297 257 1359 in
269 1296 398 1359 armism
412 1293 586 1357 audentius
595 1295 733 1358 resistit.
756 1294 862 1357 Τιιιιις
878 1294 1082 1375 ingruentem
1094 1289 1306 1376 Deiphobum

221 1400 318 1461 hasta
333 1396 481 1459 cominus
496 1395 612 1460 tibiam
628 1394 714 1471 serit,
732 1399 831 1476 etque
854 1394 1017 1459 excedere
1044 1414 1088 1457 ex
1109 1396 1184 1459 acie
1208 1395 1307 1476 cogit,

222 1496 391 1560 interiecto
417 1497 508 1577 prius
532 1493 800 1574 Gorgitbione⁶¹²
824 1495 926 1561 fratre
951 1496 1042 1579 ejus:
1068 1514 1177 1583 neque
1202 1496 1306 1560 multo

222 1602 309 1679 post,
338 1594 478 1659 adventu
504 1595 622 1679 Ajacis
643 1596 708 1659 lusi
730 1597 856 1678 reliqui.
901 1596 988 1660 Cum
1009 1596 1137 1659 iuterim
1161 1594 1307 1672 Hector,

223 1696 364 1761 edoctus
387 1714 463 1779 qum
491 1696 695 1772 occiderant,
720 1700 915 1779 supervenit,
938 1717 980 1760 ao
1005 1691 1096 1759 mox·
1110 1714 1307 1763 conversam

222 1815 361 1872 suorum,
372 1798 479 1859 aciem
496 1816 557 1877 pro
573 1803 719 1877 tempore
735 1797 889 1872 restituit,
904 1796 1086 1879 increpatis
1101 1794 1254 1872 ducibus,
1262 1798 1308 1858 'uc

221 1897 385 1979 plerisque
409 1915 452 1959 ex
474 1895 553 1977 luga
573 1896 732 1959 reductis.
777 1896 831 1959 Ita
847 1896 1025 1978 praesentiu
1038 1895 1112 1977 ejus
1128 1894 1230 1957 animi
1245 1894 1308 1957 tol·

220 1996 341 2073 luntur,
356 2001 388 2060 et
402 1995 555 2077 praelium
571 1994 768 2059 incenditur.
812 1995 900 2058 Tum
913 2013 993 2060 vero
1007 1994 1140 2078 inclytis
1153 2012 1198 2057 ex
1220 2000 1308 2057 utra·

221 2117 286 2180 que
301 2103 395 2181 parte
405 2097 543 2161 ducibus
554 2096 747 2160 confirmato
760 2096 908 2160 exercitu
918 2096 1093 2178 confligunt
1104 2097 1209 2172 acies,
1220 2093 1309 2159 nunc

220 2198 296 2261 hinc
311 2216 399 2261 nunc
414 2198 490 2261 inde
506 2196 704 2260 cedentibus
731 2197 909 2273 instantes,
924 2203 960 2260 et
973 2198 1031 2261 ubi
1052 2196 1146 2259 acies
1167 2201 1309 2259 nutave·
1368 2192 1385 2205 “

219 2304 282 2373 rat,
298 2296 464 2379 praesidiis
480 2296 740 2360 accurrentibus.
786 2295 915 2359 Interea
938 2298 1112 2379 utriusque
1139 2297 1308 2360 exercitus
1413 2358 1420 2367 ,

220 2397 342 2462 cadunt
354 2397 499 2480 plurimi,
508 2415 613 2479 neque
628 2396 762 2460 fortuna
771 2396 851 2461 belli
865 2402 1022 2463 mutetur.
1044 2395 1113 2461 Sed
1127 2401 1307 2479 postquam

219 2499 313 2561 miles
329 2498 542 2579 permultum
557 2497 641 2560 diem
654 2498 743 2562 bello
758 2499 915 2575 intentus,
929 2496 1035 2580 magis
1044 2499 1216 2580 magisque
1230 2496 1307 2561 lati·

219 2599 371 2678 meatur,
384 2603 417 2661 et
428 2598 495 2660 diei
509 2616 627 2678 vesper
641 2604 722 2674 erat,
734 2597 885 2680 utrisque
898 2599 1115 2679 cupientibus,
1127 2616 1238 2680 pogna
1250 2597 1306 2659 de·

219 2715 361 2762 cessum.
413 2695 499 2761 Tum
529 2696 618 2779 apud
645 2695 782 2778 Trojam
806 2697 898 2762 circu
913 2697 1114 2780 Sarpedonis
1138 2698 1307 2762 cadever⁰

218 2985 330 3046 nissum,
352 2987 557 3048 Aelurorum-l
575 2989 671 3051 Delplr.
692 2992 784 3051 gemitu
803 2993 1026 3052 moguntiatiacum
1049 2991 1189 3038 evome-s
1207 2990 1306 3055 Delplr.

218 3053 331 3099 turra-ti
347 3051 439 3112 Vulgo,
452 3051 650 3112 Gargettius-r
668 3055 764 3117 Delplr.
782 3069 828 3103 ιιιιι
845 3071 868 3103 e.
879 3072 899 3104 c.
911 3071 934 3102 n.
950 3057 978 3104 de
996 3056 1096 3103 interitu
1112 3055 1306 3104 Priamidnrum:

705 3213 815 3292 NOTAE

217 3322 367 3374 subsidens!
400 3325 532 3376 Persem·
543 3331 628 3376 sutem
639 3327 741 3391 proprie
781 3341 867 3390 pugne
878 3328 1001 3376 el'encro
1010 3326 1124 3376 occisum
1141 3327 1213 3391 dicit,
1230 3329 1264 3378 ll.
1275 3335 1304 3379 Θ.

218 3398 742 3464 elypeumlntellige.utetinilloVirgil.
781 3405 838 3452 8⁰2.
1035 3400 1041 3410 '
1267 3410 1272 3416 “

215 3471 273 3520 ‘At
292 3473 401 3522 hereum
420 3477 482 3524 socii
504 3479 645 3528 exanimem
664 3491 741 3540 super
812 3484 825 3508 ⁰
841 3475 1184 3539 circumueniendum]
1208 3477 1303 3527 me

217 3558 287 3594 erm·
297 3545 435 3596 ferebant!
469 3550 503 3596 Et
514 3549 574 3598 alibi
586 3565 696 3614 qrroque.
780 3565 814 3599 ex
824 3551 938 3601 Homero
946 3550 1048 3614 Trojuni
1058 3550 1214 3612 Sarpedonis
1225 3553 1305 3602 crde·

257 3619 264 3651 ¹
282 3620 409 3682 Propulrut
426 3625 531 3686 comere]
560 3625 673 3687 Corpore
694 3638 739 3674 suo
780 3638 825 3673 ver
843 3639 858 3673 e
876 3639 968 3687 campe
989 3638 1039 3675 non
1061 3632 1201 3688 poterunt
1222 3637 1304 3678 retru-

215 3707 274 3743 eum
285 3695 407 3758 propellit
418 3695 564 3745 Patroclus.
778 3701 848 3759 bere,
857 3699 903 3748 ned
912 3701 938 3748 in
948 3700 1233 3760 poteremur-ecorum
1245 3719 1305 3764 per·

247 3777 265 3802 ¹¹¹
276 3770 463 3834 Comperituspue
470 3771 586 3833 inarmis]
595 3771 647 3820 Hie
657 3780 737 3821 ‘eom-
777 3774 1006 3839 montepiloso
1017 3775 1203 3839 exspoliarunt.
1220 3778 1254 3827 lit
1266 3779 1310 3828 A.

216 3860 311 3909 ponere
322 3859 350 3894 se
368 3847 393 3896 in
412 3846 505 3903 ermis,'
521 3847 600 3906 dicit;
617 3847 686 3911 quod
697 3863 737 3898 ru·
777 3851 947 3913 pellopertes
957 3857 1063 3899 unctum
1074 3851 1201 3901 umbrosis
1217 3859 1245 3900 et
1255 3853 1303 3904 iru-

215 3936 273 3984 pru,
285 3921 420 3984 ‘colligere
432 3937 459 3970 se
472 3923 496 3970 in
507 3922 596 3971 erma!
778 3926 926 3975 mortalibus
949 3926 1064 3976 restibus
1091 3925 1208 3976 indutum
1228 3927 1304 3979 dedit

246 4002 258 4026 ¹²
275 3997 441 4058 Gorgitlriuue]
464 3999 561 4059 Scribe,
581 3997 737 4061 ‘Gorgytbb
778 3999 872 4049 Semne
883 4009 909 4050 et
918 4001 997 4051 Morti
1010 4001 1042 4050 sd
1055 4002 1158 4065 Lycium
1170 4003 1302 4066 perferen·

216 4071 284 4118 oue!
297 4069 430 4132 remim,
443 4073 520 4121 Hom.
532 4073 564 4124 ll.
576 4081 605 4122 Δ.
617 4073 735 4136 Apollcd.
778 4074 854 4137 tlum;
873 4077 916 4126 tibi
927 4078 1004 4127 esuis
1015 4079 1143 4142 sepultum
1154 4085 1203 4129 est.

96 4195 99 4202 ,
213 4143 258 4192 lib.
278 4157 320 4194 ιιι.
352 4145 404 4195 Sed
424 4161 481 4195 eom
502 4147 736 4198 Homerusioslie
