2959 4875
470 298 518 345 nn
542 300 659 348 sunno
683 300 865 351 unosruo·
881 304 952 354 orn.
977 307 1012 353 v.
1214 292 1279 360 258

188 435 286 499 mium
318 435 525 516 persolutum
549 446 612 517 est,
629 442 751 524 jubent
779 444 910 508 nostri·
937 464 1093 527 peragere
1114 446 1276 531 incoepta.

191 534 306 617 ltaque
322 534 669 603 destructa'ruurorum
686 547 791 622 parte,
805 560 885 605 cuns
900 543 981 624 joco
1003 542 1210 630 lasciviaque
1229 550 1278 613 iu-

190 633 313 699 du'xcre
338 654 473 719 equum,
492 637 639 701 foeminis
659 638 744 703 inter
762 650 827 705 se'
848 648 952 724 atque
967 645 1047 709 viris
1061 648 1212 711 certatim
1226 655 1277 714 at·

191 734 316 799 trahere
331 736 570 801 festinantibus.
592 737 673 822 [12]
684 738 822 805 Interim
835 741 960 820 Gracci,
972 744 1030 808 ubi
1045 754 1168 811 cuncte
1180 749 1276 813 navi·

188 833 248 899 bus
268 835 430 920 imposita
451 844 540 914 suut,
562 839 703 903 incensis
725 842 870 905 omnium
892 844 1138 909 tabernaculia¹
1159 847 1203 911 ad
1224 849 1277 914 Si·

187 952 293 1015 gaeurn
316 937 503 1014 secedunt!
527 937 638 1020 ibique
660 946 791 1003 noctem
813 944 1050 1024 opperiuntur:
1072 944 1170 1009 lassis
1198 946 1276 1011 dein

187 1034 293 1099 multo
308 1036 410 1099 vino¹
431 1044 531 1120 atque
547 1057 664 1102 somno
686 1040 849 1119 barbaris,
862 1060 938 1123 quae
952 1053 1093 1127 utraque
1105 1052 1121 1079 ⁸
1141 1064 1201 1127 per
1216 1042 1276 1113 lee-

187 1134 290 1197 titia'm
313 1136 590 1220 securitatemque
611 1138 707 1220 pacis
729 1139 982 1221 intervenerant,
1000 1144 1105 1208 multo
1118 1144 1275 1210 siteoriot

187 1233 228 1297 ud
246 1236 415 1299 civitatem
441 1238 610 1317 navigant,
632 1246 805 1305 servantes
831 1242 961 1323 signum
983 1244 1073 1328 quod
1095 1246 1164 1328 igni
1185 1246 1275 1312 elato

188 1334 318 1411 Sinon,⁸
341 1335 384 1400 atl
412 1356 484 1401 eam
513 1358 581 1401 rero
610 1339 695 1403 olam
727 1342 868 1422 positus,
898 1343 1097 1410 sustulerat:
1129 1364 1275 1429 moxque

186 1454 300 1499 ornnes
320 1444 499 1521 postquam
521 1440 682 1502 intravere
704 1442 840 1517 moenia,
855 1442 974 1507 divisis
995 1444 1082 1509 inter
1103 1464 1139 1508 se
1157 1447 1274 1512 civita·

160 1534 230 1623 „tis
252 1535 349 1613 locis,
370 1538 426 1601 ubi
449 1538 576 1621 signum
602 1537 713 1604 datum
737 1539 951 1624 ugnoveref,
974 1544 1172 1608 credereeos
1187 1564 1272 1626 quos

147 1620 160 1641 ”
186 1632 253 1698 sors
273 1634 452 1719 objecerat,
472 1644 573 1722 atque
594 1639 791 1704 obtruncare
813 1642 938 1722 passim
959 1662 1019 1725 per
1040 1645 1160 1707 domos
1174 1651 1272 1727 atque
1303 1710 1306 1715 ,

186 1735 270 1813 vias,
284 1734 360 1800 loca
374 1745 487 1801 sacra·
509 1736 724 1823 profanaque,
740 1739 816 1803 etsi
831 1740 891 1823 qui
906 1750 1147 1825 persenserant,
1162 1743 1270 1826 prius-

637 1898 785 1921 moueeoe
788 1900 817 1919 Ν

217 1978 230 2006 ·
247 1978 341 2045 Dalpb.
351 1980 492 2034 sostris-t
510 1981 605 2045 Detpb.
616 1981 698 2031 urm
708 1986 756 2041 est,
765 1995 851 2043 sauss
861 1980 885 2030 si
896 1996 917 2031 c.

672 2108 779 2159 NO'l'AE

225 2192 241 2219 '
265 2187 325 2236 (iuss
350 2185 406 2247 joco
432 2188 571 2252 lescirieqss
596 2188 711 2238 isdum
749 2183 1051 2239 autariteortatemi.'

184 2262 497 2327 msoentstsiatersa]
508 2264 626 2313 'Circum
635 2266 708 2327 pueri
780 2272 791 2299 ⁸
809 2266 878 2321 Quod
891 2266 944 2326 ιἐιιι·
957 2266 1019 2313 etsts
1030 2263 1118 2326 Sinos]
1142 2263 1183 2315 lle
1197 2264 1270 2329 signo

188 2336 353 2402 innupteqoe
382 2340 474 2403 puella
502 2340 581 2388 Sscrs
601 2347 707 2398 esuum,
747 2340 1023 2389 sSiuonaelstouibit
1041 2339 1109 2403 spurt
1125 2340 1272 2390 attestare·

185 2410 320 2478 funemque
331 2428 405 2464 ιιιιιιιι
415 2413 566 2478 contingere
575 2413 706 2476 gaudent?
745 2415 781 2464 ni.
809 2414 901 2479 virgil.
921 2422 1021 2465 tantum
1040 2415 1085 2473 stt,
1104 2415 1183 2466 duces
1202 2431 1271 2483 aquo

188 2499 190 2502 ·
214 2493 226 2519 ¹
243 2487 347 2537 iuratis
357 2489 457 2538 omisis
469 2489 634 2552 tumetis]
651 2489 705 2539 No·
745 2488 864 2551 delapsos
882 2490 970 2538 stasim
990 2497 1077 2552 portes
1094 2491 1226 2552 prodisse,
1242 2498 1272 2542 et

185 2569 223 2610 tua
238 2563 338 2612 mittun
355 2578 418 2624 mos,
432 2563 570 2614 incendere
586 2562 705 2613 tabarna-
745 2563 783 2611 its
794 2564 874 2611 socios
886 2563 1273 2630 occepisser‘Csrduuturalssi·

185 2636 239 2684 culs
249 2635 406 2686 discessores
418 2638 518 2688 milites.
531 2637 606 2687 Hom.
617 2639 669 2689 od.
677 2643 706 2688 0.
745 2637 792 2697 les,
811 2636 943 2700 portisque
959 2638 1106 2700 patentibus
1120 2653 1208 2690 omues
1220 2639 1271 2690 Ac-

183 2707 267 2760 utne
276 2710 411 2769 hemer,
418 2712 464 2775 ιιῦρ
473 2712 608 2779 truncique
618 2713 705 2770 βαιάν·
745 2712 846 2775 clpiuut
857 2711 948 2773 socios,
965 2720 1044 2775 stqua
1055 2714 1157 2775 ιςιιιίιιιι
1168 2715 1272 2764 couscis

183 2801 229 2835 rsa.
245 2783 360 2834 ‘litotes
372 2787 538 2850 navigabant,
550 2788 609 2852 igne
622 2789 706 2838 taber·
740 2786 872 2850 jungunt!
894 2786 947 2836 sed
959 2787 1008 2836 boc
1020 2801 1051 2835 sa
1063 2787 1172 2852 Virgilio
1184 2795 1271 2838 taruco

183 2861 406 2924 usculisinjecto.’
745 2862 890 2911 immutavit
917 2862 1016 2926 Dictys.
1053 2861 1175 2925 Virgilius
1202 2863 1270 2914 enisu

212 2933 280 2984 ’Λᾶ
298 2933 404 2996 sigona
421 2937 543 3000 urcium]
569 2937 642 3002 Vlrg.
668 2937 706 2988 sit
745 2937 832 2986 scribit
850 2951 902 2986 uou
924 2938 1045 2987 Sinonem
1066 2937 1144 2987 elsasi
1169 2935 1270 2999 signatu

183 3007 287 3060 Grecos
302 3024 331 3060 se
348 3019 408 3075 post
424 3013 528 3062 Tenedo
546 3013 705 3064 condidisse:
745 3011 855 3067 dedisse,
872 3010 918 3060 sed
937 3018 1026 3061 contra
1044 3011 1152 3060 cisarcen
1173 3010 1273 3071 Sinoni,

185 3084 258 3134 ‘Huc
274 3099 303 3135 se
322 3087 438 3149 provecti
458 3087 554 3137 diserto
573 3087 599 3137 lu
617 3088 706 3139 llttorc
746 3093 837 3137 utrem
850 3092 987 3149 perageret
999 3093 1028 3135 at
1040 3085 1270 3134 ctsnstrstmrer.

183 3160 313 3210 condunt?
343 3160 706 3225 ArTenedorsstgeodurs·
746 3157 1041 3220 ‘Flsmmsscomregls
1058 3156 1151 3220 puppis
1163 3155 1270 3204 Estote·

186 3232 228 3282 bet
248 3245 332 3284 taxe.
353 3235 419 3284 stad.
451 3235 617 3299 Palaephatus
634 3251 706 3296 rere,
746 3240 796 3293 rat,
807 3231 917 3296 istisque
929 3231 1012 3280 Deum
1029 3229 1151 3278 defensus
1162 3230 1266 3294 totqois,

185 3323 257 3369 quarn
269 3309 295 3357 iu
314 3309 373 3371 equi
392 3309 500 3359 blstoris
515 3311 586 3374 sequl
600 3309 706 3360 'ridetur
744 3307 861 3356 luciosus
873 3310 947 3354 utero
964 3304 1067 3354 Danaos
1083 3309 1110 3352 et
1126 3303 1204 3368 plues
1214 3304 1269 3354 t'ur·

186 3383 286 3446 Dictys,
298 3384 388 3434 scribit
403 3385 511 3434 Graecos
530 3399 559 3434 se
576 3384 704 3436 abdtrlrssa
745 3382 791 3430 tlur
803 3377 1117 3430 bsxstclsustrsSluoo.'
1149 3378 1269 3441 Virgilius

184 3457 208 3505 in
220 3472 282 3508 csvo
292 3458 403 3523 quodam
412 3461 479 3522 loco,
492 3460 536 3523 qni
546 3459 615 3508 locus
627 3461 704 3509 etiarn
745 3456 847 3520 quidem
859 3455 952 3505 atlcnbl
963 3455 1063 3518 signum
1070 3454 1171 3506 Grecis
1179 3455 1269 3504 ‹isturn

185 3534 395 3588 turusocsbstur.
412 3533 522 3598 Ἀῃιίον
535 3532 619 3598 λόχοι,
637 3535 703 3586 ‘Ars
744 3529 836 3580 scribit
862 3529 896 3579 sb
923 3529 1033 3590 Helena,
1055 3543 1106 3578 uon
1126 3529 1269 3579 astuosa.

183 3605 424 3668 qivornmtnstdioel
744 3606 895 3655 ‘Flammam
904 3603 1270 3668 medisipssteuebatlngsu·

215 3692 225 3718 ¹
239 3683 382 3734 Fcess'sdeis
390 3684 463 3732 rastro
473 3682 537 3745 uiae]
554 3683 627 3747 Vlrg.
643 3683 704 3732 ¹1u·
744 3687 807 3740 tarn,
819 3688 845 3730 et
857 3693 954 3729 summa
967 3679 1069 3729 Densus
1080 3692 1112 3726 ex
1125 3691 1184 3726 arce
1195 3689 1269 3725 vocs·

184 3757 279 3807 radunt
296 3757 384 3807 urbrrn
399 3770 488 3807 somno
499 3757 608 3822 vinoque
619 3757 705 3820 sepul·
744 3753 807 3804 bat!
840 3755 897 3804 Etsi
907 3753 970 3802 illud
982 3753 1066 3816 sccipt
1077 3751 1154 3800 aliter
1165 3751 1254 3812 possit.

184 3831 250 3882 tarn!
546 3816 551 3826 ’
775 3827 900 3888 ‘stam
910 3827 1003 3889 dum]
1020 3826 1100 3875 Certe
1111 3823 1268 3873 deridiculos

213 3905 301 3962 ⁸Qsa
318 3903 430 3968 utroque]
455 3903 556 3965 Nempe
574 3903 659 3954 viuum
677 3888 705 3953 e't
743 3908 783 3952 est
795 3901 898 3964 Dictys,
910 3902 953 3965 qui
970 3901 997 3949 io
1013 3913 1043 3948 es
1058 3897 1229 3963 trepidstioue
1241 3907 1268 3950 et

184 3993 290 4031 soranus.
540 4003 543 4010 .
743 3984 832 4039 strsge
850 3977 948 4039 siguum
967 3980 1132 4039 expectatura
1150 3974 1267 4024 credide·

215 4053 225 4087 ὓ
240 4055 319 4104 Muto
328 4051 435 4116 sileatis]
454 4051 565 4102 Videtur
575 4051 608 4101 ob
620 4053 705 4102 ocutos
744 4052 788 4103 rit.

184 4126 380 4179 babuisssillnd
399 4127 492 4190 virgil.
519 4127 635 4177 ‘Tacitae
657 4141 705 4190 per
777 4124 899 4176 ‘Possint
915 4124 1266 4189 muneremunere
