2959 4875
403 408 452 457 nn
476 406 656 459 nrsrosrn
681 410 791 459 enum
816 412 992 461 rnorem.
1196 398 1241 466 et

23 564 24 577 ¹
153 552 240 616 cuba
261 548 375 615 itidem
389 549 483 633 apud
497 556 670 635 utrumque
684 553 786 618 fertur
800 573 876 617 eam
892 554 1070 637 complexa
1091 556 1239 620 omnium

152 652 296 715 maxime
304 652 466 735 deinceps
477 649 675 717 defendisse.
698 651 796 718 Adeo
807 656 1007 719 conveniunt
1020 656 1104 720 inter
1115 675 1152 719 se
1165 655 1239 721 hoec

150 748 274 830 omnia,
286 753 502 817 utneminem
517 757 629 833 putem
641 759 846 837 negaturum,
859 760 1034 838 utrumque
1044 756 1088 819 ab
1098 775 1164 819 uno
1179 756 1238 821 ba-

150 854 263 919 baisse
275 872 319 917 en
342 858 488 929 anctore,
503 857 536 917 et
559 872 658 936 quem
682 863 876 932 memorant,
895 875 961 921 uno
986 856 1121 940 Dictye,
1137 863 1238 939 atque

23 942 24 957 ¹
149 954 196 1018 ita
220 961 369 1019 nocuum
390 974 509 1019 revera
523 953 680 1020 Graecum
701 955 796 1021 illum
822 957 960 1040 Dictyn,
984 967 1047 1021 ‘ut
1069 962 1150 1033 erat,
1171 956 1239 1022 Le·

150 1055 218 1119 tine
231 1054 458 1139 exposuisse:
471 1054 563 1139 quod
578 1054 651 1140 ipse
666 1057 723 1133 ait,
739 1062 772 1119 et
779 1074 842 1139 ago
852 1056 1061 1140 probandum
1076 1076 1237 1141 suscepe-

23 4179 25 4248 l

192 1272 278 1323 xix.
300 1255 397 1321 Idem
412 1274 491 1320 vero
506 1262 673 1339 agnoscet,
688 1258 890 1341 quicumque
911 1279 987 1325 curn
1009 1259 1135 1326 Melela
1155 1281 1235 1327 cou-

147 1358 228 1424 serre
240 1358 345 1424 etiam
366 1358 456 1421 volet
475 1364 624 1423 nostrum
648 1358 845 1441 Septimium
860 1378 900 1425 u.
915 1361 967 1426 18.
981 1363 1024 1427 de
1039 1362 1236 1447 Polymnes-

147 1466 215 1525 tore
227 1459 395 1525 'l'nraoum
409 1477 488 1541 rege
502 1458 545 1522 ad
570 1459 761 1541 pactionem
776 1467 811 1524 et
825 1462 1031 1527 deditionem
1046 1464 1178 1539 adacto,
1191 1463 1234 1528 de

146 1561 313 1645 Polydoro
328 1560 456 1625 Priami
470 1559 540 1624 tilio
560 1559 690 1625 Graecis
714 1560 847 1639 tradito,
875 1584 973 1647 quem
1000 1564 1059 1629 alii
1080 1563 1232 1647 plerique

23 1662 24 1673 ³
145 1681 203 1745 per
215 1661 389 1730 avaritiam
403 1651 526 1725 clama
548 1661 798 1745 Polymnestore
819 1665 1027 1729 intersectum
1048 1666 1234 1748 perhibent,

143 1770 177 1827 et
188 1763 230 1829 de
251 1762 453 1827 Teuthrante
462 1764 580 1829 occiso
591 1765 635 1829 ah
646 1762 766 1849 Ajace,
775 1772 810 1831 et
823 1766 973 1833 abducta
982 1754 1054 1851 ejos‘
1067 1764 1232 1832 tiliellbc·

142 1883 262 1931 messa.
307 1862 360 1927 Ea
374 1864 465 1929 enim
488 1866 600 1929 omnia
619 1884 686 1929 non
710 1866 856 1933 Maleles
878 1876 1019 1945 tanturn,
1035 1868 1094 1933 sed
1117 1874 1152 1931 et
1166 1867 1230 1933 Ce-

23 1973 24 2061 }
141 1966 273 2045 drenus,
289 1984 387 2049 ecque
402 1984 443 2032 ao
459 1966 652 2049 Septimius,
674 1974 709 2033 et
725 1967 840 2032 eodem
857 1968 982 2046 ordine,
996 1969 1069 2033 sine
1084 1968 1154 2033 ulla
1169 1969 1232 2032 cir·

140 2068 417 2134 constantiarum
439 2070 599 2133 radetate
617 2069 716 2134 nobis
729 2070 955 2153 prodidemnt.
998 2070 1104 2136 Porro
1117 2077 1229 2135 antem

140 2170 322 2235 Hectorem
348 2188 410 2253 per
436 2168 577 2233 insidias
601 2190 724 2235 caesum
755 2171 799 2234 ab
824 2168 966 2250 Achille,
989 2190 1065 2235 cnm
1092 2172 1229 2235 obviem

141 2270 361 2337 Penthesileee
372 2270 537 2353 prodiret:
561 2268 671 2335 Unum
686 2290 730 2334 ex
746 2270 837 2335 illius
854 2271 1032 2335 comitibus
1043 2276 1229 2335 truncatum

140 2374 303 2450 manibus,
317 2377 350 2436 et
371 2372 421 2435 ita
442 2372 615 2435 remissum
630 2371 784 2454 Trojem;
806 2372 904 2438 isthic
925 2392 960 2438 re
980 2372 1144 2438 intellecta
1156 2372 1229 2436 edi·

140 2483 210 2541 tum
224 2476 383 2559 ejulatum
398 2484 467 2539 tam
483 2474 721 2551 vehementem,
737 2481 776 2538 ut
798 2477 896 2540 etiam
912 2494 996 2540 ares
1012 2493 1057 2540 ex
1079 2473 1156 2540 aiire
1171 2473 1228 2540 de-

23 2643 24 2670 ff
139 2577 300 2642 ciderint:
338 2576 508 2640 Priamum
533 2593 617 2640 mox
637 2594 714 2638 cum
730 2575 965 2641 Andromacha
987 2583 1022 2642 at
1052 2576 1228 2659 Polyxene

138 2680 267 2742 venisse
286 2679 329 2742 ad
341 2677 516 2753 Achillem,
537 2697 677 2762 eumque
699 2696 827 2755 orasse,
842 2685 881 2741 ut
905 2677 1052 2742 cadaver
1067 2676 1227 2742 Hectoris

137 2781 202 2846 sibi
211 2778 378 2855 redderet,
393 2781 494 2842 immo
510 2779 668 2843 obtulisse
675 2781 718 2855 ei,
735 2787 811 2862 post
821 2780 1033 2861 impetratum
1042 2779 1114 2862 jam
1123 2778 1226 2842 cada·

135 2902 203 2960 rer,
225 2879 444 2965 Polyxenam,
462 2877 519 2942 sed
542 2897 644 2962 qnam
668 2879 833 2962 distulerit
854 2889 934 2945 tnnc
949 2879 1115 2944 Achilles:
1137 2879 1225 2944 Pen-

135 2983 309 3050 thesileam
331 2999 422 3056 vero,
437 2979 553 3043 audita
573 3000 655 3045 nece
672 2981 839 3058 Hectoris,
854 2983 959 3046 redire
980 2982 1113 3045 domum
1128 2979 1225 3045 voln-

133 3085 211 3164 isso,
228 3082 288 3148 sed
308 3101 331 3146 a
352 3080 476 3146 Paride
491 3082 596 3147 multo
619 3102 699 3147 euro
720 3083 890 3148 inductam
911 3083 1084 3165 mansisse,
1097 3087 1130 3145 et
1143 3099 1224 3146 mox

133 3187 312 3252 commisse
327 3201 452 3267 pugna,
467 3203 542 3247 cum
559 3185 666 3248 aciem
687 3185 764 3267 ipsa
785 3185 972 3247 ordinasset
984 3190 1019 3249 et
1032 3184 1118 3246 inter
1131 3181 1225 3264 eqni·

132 3295 180 3352 tes
209 3287 430 3362 constitisset,
456 3283 583 3350 fortiter
605 3285 794 3359 dimicasse,
822 3285 881 3348 sed
904 3286 949 3350 ab
972 3283 1105 3349 Achille
1134 3302 1223 3366 equo

131 3389 309 3474 dejectum,
333 3395 368 3450 et
392 3388 554 3452 crinibus
570 3394 719 3467 tractam,
743 3389 904 3464 occisam,
925 3386 1157 3468 abjectamque
1186 3386 1221 3448 in

128 3491 268 3556 flurium
288 3489 549 3555 Scamandrum:
573 3488 715 3554 Graecos
737 3489 812 3552 dein
834 3489 1014 3570 peremisse
1035 3485 1160 3550 multos
1175 3505 1220 3552 ex

130 3591 306 3657 hostibus:
329 3595 365 3654 at
379 3588 608 3654 Amazonibus
631 3590 833 3672 pepercisse,
856 3588 1008 3652 servituti
1029 3586 1223 3652 destinetis:
1299 3615 1306 3626 1

130 3691 276 3758 Venisse
292 3696 414 3775 postea
430 3689 639 3754 Memnonem
656 3689 783 3770 Regem
805 3689 965 3755 Indomm
981 3710 1057 3755 cum
1071 3690 1221 3755 maxima

129 3813 229 3860 menn
244 3794 288 3858 ad
301 3794 479 3876 suppetias
494 3791 633 3857 Priamo
647 3790 821 3857 ferendas:
843 3793 953 3858 victos
966 3793 1009 3854 ab
1024 3810 1065 3855 eo
1078 3785 1221 3854 Graecos

129 3895 170 3960 ad
185 3915 290 3964 nares
311 3894 485 3976 refugisse,
499 3914 586 3978 quas
600 3897 693 3992 ipsas
716 3895 793 3958 sola
814 3913 885 3958 nox
899 3891 1135 3976 superveniens
1150 3911 1220 3955 ser·

130 3996 277 4060 voverit:
299 4004 392 4058 sorte
414 3993 491 4058 dein
503 3995 641 4059 ductum
658 3993 797 4078 Ajacem
813 3994 1056 4068 Telamonium,
1071 3993 1129 4076 qni
1143 4011 1220 4075 pos·

129 4097 223 4162 tridie
240 4115 315 4160 curn
333 4093 515 4160 Memnone
530 4101 714 4178 pugnaret:
735 4095 791 4157 hic
806 4113 884 4158 rero
899 4111 976 4158 cnm
992 4091 1043 4157 illi
1066 4111 1219 4158 succum.-

129 4197 225 4277 beret,
234 4195 365 4262 Indos
355 4195 522 4262 tnvaeinse
537 4194 689 4279 Ajacem,
705 4193 767 4259 sed
779 4195 909 4259 interim
922 4190 1102 4271 Achillem,
1113 4195 1218 4258 nude-
