2959 4875
224 322 290 393 822
595 334 760 385 nunonis
784 332 942 384 rnnrou

225 482 375 549 Stheneli
394 481 496 547 semor
504 481 619 565 jocnlo
638 479 710 563 figit
720 478 753 544 :¹¹
778 498 880 562 quem
893 482 929 540 ut
945 473 1099 541 Achilles
1113 472 1266 557 respexit
1278 480 1314 539 et

226 592 278 649 tot
289 584 464 649 acerrimos
476 582 578 648 duces
592 583 636 647 eb
647 600 687 647 eo
698 580 903 656 interfectos,
918 579 1063 654 enimnm
1076 577 1111 640 in
1126 576 1220 640 illum
1234 574 1314 639 diri-

225 674 336 768 gebet,
350 690 388 747 nt
398 682 448 747 illi
459 684 579 747 obrius
594 680 696 747 fieret.
725 679 965 745 Considerobot
978 678 1065 740 enim
1073 673 1236 750 Achilles,
1245 674 1314 739 nisi

225 788 405 853 Hectorem
430 783 606 861 occideret,
633 782 745 864 plnres
770 781 815 845 de
844 780 1039 845 Graecorum
1069 795 1207 841 numero
1235 777 1312 861 eJns

224 888 365 953 dextero
378 887 552 973 perituros.
597 883 705 948 Multo
714 882 821 947 millio
833 881 1004 945 bominum
1013 879 1136 943 intereo
1146 876 1313 942 truciden-

224 995 288 1055 tur.
321 986 568 1073 Acrepreelinm
582 980 769 1051 colliditur.¹
805 983 936 1049 Hector
948 974 1179 1063 Polypoetem¹¹
1193 977 1313 1042 ducem

224 1090 439 1155 fortissimum
468 1086 613 1153 occidit:
636 1091 769 1151 etcum
792 1085 938 1167 spoliare
965 1081 1137 1164 coepisset,
1162 1076 1313 1144 Achilles

226 1192 429 1276 supervenit.
474 1188 531 1253 Fit
552 1207 662 1271 pugne
683 1186 800 1270 major,
823 1194 859 1250 et
880 1186 1007 1249 clemor
1028 1182 1072 1247 ab
1092 1179 1220 1264 oppido
1241 1185 1276 1243 et
1291 1197 1315 1242 e

224 1297 296 1356 toto
318 1290 422 1371 surgit
436 1288 596 1357 exercitu.
639 1284 768 1353 Hector
786 1284 929 1351 Achillis
943 1286 1051 1349 femur
1064 1281 1207 1346 sauciet.
1248 1278 1312 1343 Ille

224 1391 337 1455 dolore
351 1394 503 1473 eccepto,
515 1388 620 1470 mngis
635 1407 710 1453 enm
724 1387 881 1472 persequi
894 1387 1009 1470 coepit,
1023 1403 1086 1449 nec
1101 1382 1233 1447 destitit
1245 1381 1312 1445 nin·

224 1493 399 1557 occideret.
443 1488 521 1566 Quo
543 1489 719 1552 interemto
749 1488 912 1571 Trojonos
939 1488 974 1551 in
1004 1485 1118 1567 fngnm
1141 1484 1248 1560 vertit,
1276 1491 1319 1577 et

221 1594 370 1657 maxime
383 1590 477 1657 ceede
496 1608 556 1655 eos
578 1608 686 1673 osque
711 1589 754 1654 ed
777 1595 909 1671 portum
928 1586 1069 1671 ingerit
1113 1584 1178 1651 coi
1197 1591 1311 1649 temen

223 1689 395 1759 Memnon¹
410 1691 589 1756 fortissime
604 1690 735 1765 restitit,
750 1696 786 1753 et
799 1689 919 1753 acriter
932 1689 1066 1751 interse
1080 1690 1310 1752 certaverunt:

221 1794 293 1857 leesi
303 1792 430 1874 utrique
446 1790 681 1855 discesserunt.
720 1787 802 1852 Nox
816 1788 973 1871 praelium
987 1787 1125 1852 dirimit·
1157 1785 1310 1851 Achilles

221 1890 262 1954 de
283 1890 374 1953 bello
395 1889 529 1953 sencins
552 1888 650 1953 redit.
697 1886 812 1953 Noetu
829 1888 969 1971 TroJeni
986 1886 1171 1951 Hectorem
1185 1887 1310 1952 lumen·

222 1997 346 2054 tentur.
390 1990 473 2070 [lb]
496 1988 640 2053 Postero
653 1988 708 2053 die
725 1988 862 2052 Troilus
882 1988 1052 2071 Trojanos
1065 1988 1180 2053 educit
1194 1996 1312 2054 contm

222 2091 419 2157 Greecornm
447 2089 641 2153 exercitum.
684 2084 913 2170 Agamemnon
941 2091 1125 2153 exercitum
1150 2089 1309 2167 consulit,

221 2191 404 2274 suadetque
420 2188 572 2254 inducies
588 2187 726 2253 duorum
751 2190 912 2253 mensium
927 2187 1102 2270 postulari,
1117 2190 1258 2272 quisque
1271 2197 1311 2254 nt

222 2310 302 2357 suos
316 2290 460 2372 sepelire
475 2288 597 2372 possit.
642 2287 760 2370 legeti
773 2288 817 2351 od
839 2288 1010 2353 Priamum
1034 2290 1310 2373 proficiscuntur:

221 2390 421 2458 desiderium
439 2389 606 2474 prosecuti
621 2395 734 2466 sunt,m
750 2388 891 2455 duorum
905 2392 1070 2456 mensium
1085 2391 1239 2457 inducias
1253 2410 1309 2456 ec·

222 2493 361 2575 cipiunt.
398 2490 553 2554 Priamus
568 2489 754 2555 Hectorem
763 2498 779 2526 ¹⁸
793 2510 857 2556 sno
871 2510 961 2555 more
976 2499 1053 2556 ante
1067 2499 1198 2575 portem
1213 2511 1309 2576 sepe

220 2592 308 2667 livit,
323 2591 378 2656 cni
403 2590 503 2654 ludos
530 2590 688 2654 funebres
714 2591 806 2655 fecit.
851 2591 943 2654 Dum
958 2591 1102 2656 indnoioe
1126 2597 1214 2669 sont,
1241 2593 1309 2657 Pe·

220 2692 364 2756 lamedes
378 2693 497 2755 iterum
518 2709 586 2754 non
609 2699 720 2755 cesset
744 2691 787 2755 de
811 2692 950 2774 imperio
972 2694 1139 2774 conqueri.
1184 2691 1309 2776 ltaque

219 2791 447 2873 Agamemnon
462 2790 622 2854 seditioni
636 2791 743 2855 cessit
763 2797 798 2856 et
818 2792 901 2856 dicit
921 2811 959 2856 se
974 2792 1015 2856 de
1029 2794 1093 2856 hec
1108 2812 1145 2857 re
1167 2795 1309 2858 libenter

218 2890 394 2968 iacturum,
404 2899 443 2954 nt
457 2910 556 2974 quem
572 2890 692 2955 vellent
707 2890 947 2973 Imperatorem
962 2891 1177 2974 praeficerent.
1220 2893 1309 2958 Pos-

221 2999 294 3054 tere
308 2991 362 3054 die
383 2989 547 3073 populum
563 2988 606 3052 nd
621 2989 816 3053 concionem
835 2995 953 3054 vocate
976 2997 1074 3073 negot
1096 3010 1134 3055 se
1158 3011 1306 3076 unquam

220 3092 377 3175 cupidum
394 3090 524 3174 imperii
538 3092 662 3160 luisse:
685 3091 796 3155 animo
812 3110 911 3174 aeqno
927 3111 963 3154 se
978 3091 1125 3175 recipere
1139 3093 1170 3156 si
1184 3092 1308 3158 vellent

219 3192 315 3258 dere:
339 3211 375 3255 se
388 3192 528 3258 libenter
542 3189 658 3256 cedere
670 3209 679 3256 z
702 3189 785 3254 setis
799 3191 865 3255 sibi
879 3190 1046 3255 essedum
1066 3192 1179 3257 hostes
1201 3193 1303 3259 ulcis·

706 3371 813 3423 Now

219 3469 367 3526 Hectorem,
387 3469 529 3520 leontenm
549 3469 621 3520 disco
640 3475 740 3520 certen·
780 3483 872 3520 nooem
880 3470 961 3520 molto
971 3475 1033 3518 ente
1040 3468 1072 3517 sb
1084 3467 1184 3518 Achille
1192 3467 1306 3518 occisum

219 3552 271 3593 tero
283 3543 392 3602 inducit.
403 3543 435 3592 lt.
444 3549 476 3593 ἲ.
780 3545 879 3596 dicunt.
894 3544 962 3594 Vide
973 3544 1041 3606 epod
1055 3543 1158 3606 Dictyn.

250 3616 384 3667 *Stheneli
392 3619 474 3677 senor
488 3615 581 3678 jacito]
608 3617 667 3668 lice
689 3632 740 3668 non
811 3629 830 3653 ¹
845 3619 998 3669 Desideria
1006 3619 1124 3680 prosecuti
1133 3615 1200 3680 uest]
1216 3618 1248 3668 ld
1257 3626 1307 3681 est,

217 3691 279 3742 tlibi
290 3692 371 3756 leges.
780 3707 924 3756 exposuere
936 3693 1092 3742 desiderium
1103 3707 1186 3744 enom.
1216 3695 1305 3745 Nolim

248 3766 255 3800 ¹
272 3764 449 3830 Acrepraelim
456 3763 586 3828 multitud
604 3764 740 3816 Noredie·
781 3773 866 3817 umen
877 3767 925 3816 boc
936 3767 1038 3816 imiteri.

218 3839 685 3907 tnm‚oplnor‚‘collidereprelium?
810 3849 823 3877 ⁸
849 3842 962 3892 Primus
984 3841 1122 3906 Hectorem]
1158 3842 1233 3891 Solos
1255 3843 1305 3892 boe

250 3914 434 3981 '‘Polymest]
457 3914 509 3965 Sed
529 3928 587 3965 enm
604 3913 739 3974 Homeros,
779 3915 844 3966 dixit
855 3915 1306 3979 Dereeoulttrounibmdrem·

218 3997 276 4058 post
287 3991 415 4042 edemtnnr
427 3989 577 4054 Hectorem,
594 3989 667 4040 diseo
684 4005 739 4041 cer·
779 3998 868 4052 remu
885 3991 929 4056 qni
941 3991 1047 4040 tradunt
1059 3991 1182 4042 Hectoris
1192 3991 1305 4042 ordirer
1428 4016 1435 4037 t

218 4069 315 4112 tentem
327 4066 437 4124 inducit¹
445 4065 477 4114 It.
487 4070 518 4116 ἲ.
781 4065 814 4114 sb
825 4065 926 4116 Achille
936 4071 1076 4129 repletum,
1086 4068 1134 4117 dre.
1160 4067 1229 4126 Vide
1239 4066 1306 4120 Die·

247 4135 255 4170 ¹
276 4135 741 4200 Geitomdlmoelssedeliildem·
780 4144 832 4204 tyn.
