2959 4875
264 345 308 411 20
447 360 525 411 ric.
551 358 779 409 rnnrzonrus
803 354 951 407 eurise.
973 357 1175 408 centauro.

265 522 336 582 nos,
352 504 570 585 Bongarsios,
592 502 777 579 Boecleros,
792 500 983 579 Reinesios,
1001 507 1035 565 et
1056 501 1168 585 plnres
1184 499 1220 565 id
1242 519 1358 583 genus,

265 604 324 686 qni
337 604 418 669 nibil
432 605 567 689 publice
584 604 792 687 pminturnm
814 604 1037 687 negligebant,
1049 604 1121 668 sive
1144 622 1189 665 ex
1211 604 1358 666 vetustis

264 705 300 769 id
317 704 536 784 Auctoribus,
552 724 638 789 quos
656 705 831 788 diligenter
849 706 1005 785 legebant
1019 706 1098 788 ipsi,
1112 713 1146 769 et
1156 706 1232 770 aliis
1247 706 1358 787 magis

265 807 466 890 explanatus
485 806 621 883 dabant,
644 806 872 890 repetendum,
886 808 957 872 sive
981 827 1025 871 ex
1048 826 1158 871 rerum
1176 813 1297 870 natura
1323 812 1360 869 et

265 927 329 971 usn
345 906 539 990 quotidiano
554 926 642 973 nunc
658 907 793 976 demum
807 907 990 972 eruendum
1011 909 1105 973 soret
1150 908 1200 972 At
1221 928 1242 971 o
1256 928 1359 991 qnam

267 1007 418 1092 dispares
435 1009 493 1072 iila
506 1028 591 1073 nnuc
615 1010 745 1092 passim
769 1029 832 1073 seu
855 1008 1022 1073 Dominus
1036 1010 1136 1075 babet
1149 1030 1207 1074 sen
1223 1009 1360 1091 inquili-

266 1127 328 1171 nos
338 1110 345 1173 !
357 1110 415 1192 qui
429 1110 472 1173 ab
482 1107 702 1193 Antiquitatis
716 1110 851 1187 studiis,
865 1129 926 1193 per
937 1129 1014 1191 quae
1026 1111 1112 1187 sola,
1128 1111 1360 1200 superioribus

266 1210 403 1273 roeculis
426 1210 543 1274 iterum
558 1214 689 1287 exorta,
703 1211 921 1275 certissimum
938 1219 989 1275 est
1011 1231 1054 1275 ex
1070 1212 1212 1293 caligine
1228 1210 1361 1275 densis·

268 1309 355 1372 sima
380 1328 495 1373 omnes
516 1310 617 1377 etiam
648 1329 764 1373 sacras
787 1311 1009 1395 profanasque
1038 1311 1234 1394 disciplinas
1254 1330 1362 1375 emer·

267 1409 352 1473 sisse
367 1411 520 1475 continuo
534 1412 568 1473 in
584 1411 829 1476 serenissimam
843 1412 966 1489 lucem,
982 1420 1138 1476 revocant
1147 1420 1256 1477 tomen
1268 1409 1360 1475 Aca-

267 1509 432 1574 demicum
448 1511 572 1593 pubem
599 1512 641 1575 ad
665 1531 764 1577 unum
786 1512 868 1577 illud
890 1520 925 1577 et
938 1514 1201 1578 recentissimum
1217 1514 1363 1579 Germa·

266 1610 331 1673 niae
341 1611 398 1694 jus
411 1611 596 1692 publicum,
611 1612 674 1676 boc
689 1618 741 1677 est
757 1613 801 1678 ad
829 1634 955 1678 meram
975 1614 1180 1689 Barbariem,
1195 1615 1224 1677 si
1247 1614 1359 1678 solum

267 1706 463 1775 Academiis
478 1712 624 1787 incubet,
637 1732 698 1776 nec
719 1714 807 1778 scire
822 1714 1002 1797 quicquam
1023 1714 1127 1788 aliud,
1141 1715 1206 1778 nisi
1232 1733 1311 1776 snas
1325 1720 1364 1777 et

268 1813 320 1874 sui
337 1814 498 1895 temporis
522 1833 575 1877 res
590 1811 768 1891 desideret,
784 1813 876 1897 qnod
898 1816 1075 1879 Barbariei
1098 1816 1266 1898 proprium
1292 1823 1363 1893 est,

267 1926 302 1983 et
318 1935 451 1998 semper
472 1914 546 1979 suit.
591 1914 771 1998 Ceteroqui
792 1917 987 1998 neutiquam
1013 1924 1102 1981 certe
1123 1936 1187 1999 ego
1201 1917 1312 1993 velim,
1327 1917 1364 1979 si

267 2020 334 2083 mei
356 2038 409 2081 res
434 2025 523 2081 esset
545 2016 685 2093 arbitrii,
712 2015 942 2080 adolescentes
967 2017 1049 2080 nibil
1074 2036 1199 2093 eorum,
1225 2036 1301 2099 quse
1323 2018 1364 2080 in

267 2138 329 2183 usu
345 2138 431 2182 nnnc
445 2117 617 2193 habentur,
640 2135 850 2199 cognoscere,
865 2123 922 2181 ant
935 2138 996 2182 sna
1014 2120 1047 2182 iu
1061 2121 1172 2202 patria
1186 2139 1262 2183 esse
1282 2119 1365 2182 bos-

267 2224 367 2305 pites,
380 2239 421 2288 ac
435 2218 584 2302 publicar
606 2220 654 2282 rei
673 2218 782 2295 rudes,
804 2219 863 2282 sed
886 2225 1062 2304 utrumque
1084 2242 1193 2304 agere,
1207 2222 1365 2286 labomm

266 2324 375 2387 iacere
392 2320 527 2404 gradus,
538 2319 631 2385 alind
647 2322 682 2385 in
697 2319 894 2385 Academiis
907 2341 1022 2387 curare
1035 2324 1258 2407 potissimum,
1268 2322 1365 2386 aliud

267 2424 324 2488 nbi
331 2424 402 2506 Jam
416 2423 460 2487 iis
474 2422 599 2486 relictis
614 2421 657 2485 ad
680 2440 730 2484 res
749 2421 912 2502 gerendas
927 2423 1100 2487 accedunt.
1145 2422 1216 2488 Hic
1238 2441 1303 2488 non
1317 2441 1365 2486 ea

267 2525 401 2608 quidem
416 2525 536 2588 nostris
550 2524 584 2586 in
600 2522 711 2586 sundis
726 2525 882 2588 atrociter
893 2523 979 2587 adeo
994 2530 1163 2606 grassatur
1177 2525 1364 2602 calamitas,

267 2625 324 2690 sed
340 2626 445 2690 nihilo
459 2633 567 2692 tamen
583 2627 692 2689 minus
708 2624 878 2707 pestilenti
893 2625 1001 2689 sidere
1015 2627 1137 2708 partim
1152 2625 1264 2689 mollis
1278 2625 1365 2689 edu·

268 2728 371 2803 catio,
386 2733 419 2791 et
430 2728 542 2808 segnis
556 2726 697 2804 luxuria,
709 2728 831 2810 partim
851 2728 937 2791 acris
956 2728 1070 2804 factio,
1082 2747 1157 2810 qnae
1173 2729 1285 2792 omnia
1299 2728 1364 2791 do-

266 2836 322 2893 nat
335 2828 454 2894 studiis
468 2831 622 2911 partium,
638 2838 674 2892 at
689 2828 865 2907 doctrinar,
888 2828 1070 2908 industriae,
1098 2829 1221 2910 ingenii
1235 2828 1364 2892 moritis

267 2928 349 2991 nibil
365 2929 448 2992 lacit
468 2931 597 3012 reliqui,
614 2929 742 2994 afflavit
757 2932 863 2994 bonas
878 2937 976 3008 ortes,
992 2938 1028 2994 et
1041 2930 1206 3012 extinguit
1224 2930 1364 3012 penitus

267 3027 402 3110 ingenia
416 3029 590 3111 juvenum,
604 3031 661 3113 qni
677 3031 719 3094 ad
736 3033 780 3094 rei
797 3027 942 3113 publicae
959 3049 1074 3095 curam
1089 3037 1123 3095 et
1136 3031 1255 3096 futnroe
1276 3038 1365 3094 aeta·

268 3131 313 3194 tis
328 3129 431 3194 decus
446 3148 578 3211 surgere
593 3149 633 3194 ae
656 3132 777 3195 instrui
795 3130 974 3196 debebant.
1019 3132 1087 3196 Sed
1112 3139 1239 3216 quanto
1252 3134 1364 3213 magis
1421 3143 1427 3153 ’

269 3231 379 3296 omnia
393 3247 481 3294 nunc
497 3239 582 3294 retro
598 3239 704 3302 ruunt,
725 3239 848 3314 quanto
863 3233 970 3314 magis
985 3234 1109 3297 exilem
1123 3233 1301 3316 redigimur
1322 3235 1364 3297 in

268 3352 450 3412 numerum,
480 3339 573 3396 tanto
598 3335 733 3417 astringi
758 3335 897 3411 arctius,
926 3335 1145 3418 sanctiusque
1169 3335 1236 3398 coli
1259 3334 1364 3398 decet

267 3433 542 3498 necessitudinem
557 3432 661 3510 illam,
678 3453 755 3516 quse
772 3434 877 3498 semel
901 3436 984 3498 inter
1004 3455 1134 3518 pancos
1148 3437 1224 3500 illos
1239 3455 1361 3500 eorun-

267 3535 344 3598 dem
368 3553 535 3598 sacrorum
552 3535 720 3598 antistites
745 3540 796 3599 est
822 3535 1018 3604 constituta
1063 3535 1147 3600 ‘lirae
1171 3537 1206 3599 in
1227 3553 1280 3598 me
1301 3555 1363 3600 vo·

268 3636 413 3709 luntatis,
429 3636 600 3717 mutuique
624 3635 709 3698 inter
736 3655 797 3699 nos
823 3636 944 3698 amoris
973 3646 1218 3700 monumentum
1244 3645 1362 3701 extare

268 3736 440 3820 publicum
457 3736 592 3799 voluisti
606 3736 706 3818 prior.
754 3735 868 3798 Meum
892 3741 943 3799 est
958 3742 1053 3800 tanto
1076 3737 1262 3802 studiosius
1284 3739 1361 3802 istis

268 3839 426 3902 amicitiae
454 3835 574 3900 officiis
593 3835 802 3920 respondere,
828 3843 862 3899 et
887 3856 964 3900 cum
987 3838 1135 3901 maxime
1158 3856 1282 3914 curare,
1305 3857 1361 3916 ne,

268 3940 404 4002 sublato
428 3957 530 4020 nuper
545 3957 564 4001 e
582 3940 668 4002 vivis
684 3957 812 4002 summo
829 3939 876 4001 rei
891 3939 1050 4003 literaria
1065 3939 1167 4016 rnalo,
1179 3938 1262 4003 Viro
1276 3937 1360 4000 Am-

267 4041 432 4123 plissimo‚
458 4039 554 4102 Fred.
583 4039 706 4104 Beued.
735 4039 934 4123 Carpzovio,
959 4042 1132 4124 praecipuo
1157 4041 1360 4105 Commcrcii

268 4143 373 4204 nostri
380 4133 607 4206 ‘Conciliatore
616 4147 649 4206 et
662 4141 858 4224 interprete,
873 4141 963 4206 illins
978 4161 1059 4206 usus
1073 4162 1161 4206 nnnc
1175 4143 1360 4217 exolescat,
