2959 4875
392 317 442 365 ur
466 316 646 367 rrrsrunrs
671 316 784 367 eusci
809 318 985 369 rnorem.
1181 302 1225 367 ³1

134 475 215 541 quae
238 456 368 523 nudem
390 464 443 523 est
464 458 549 523 retio
571 458 605 523 id
626 458 781 541 negandi,
795 464 855 525 aut
875 460 909 523 in
931 459 1067 523 dubium
1082 462 1226 527 vocandi

134 558 236 623 fidem
247 556 425 641 Epistulae,
440 577 541 642 quam
556 558 635 624 hnic
650 561 812 643 opusculo
825 562 986 644 premisit
997 563 1157 645 interpres
1170 562 1227 626 ille

134 659 325 743 Septimius,
340 679 419 724 cum
437 662 554 744 utique
568 662 717 726 extiterit
731 681 847 726 revera
860 673 940 744 post
955 669 1103 745 tempora
1118 662 1151 726 N
1154 682 1227 726 eru-

134 760 188 823 nis
197 758 340 825 uterus
357 760 502 844 scriptor
516 762 615 825 istius
639 764 787 827 numinis
802 784 824 827 a
838 763 969 827 Graecis
983 763 1227 845 posterioribus

135 860 264 944 sepius
290 860 465 937 laudatus,
494 880 571 927 cnm
600 862 777 927 conveniet
801 863 938 927 Titulus
963 862 1076 928 Greci
1100 864 1228 929 Latini·

135 980 200 1044 que
223 960 326 1044 hujus
350 964 474 1045 operis,
504 982 580 1027 uum
603 969 786 1045 congruent
808 964 972 1047 utrimque
998 983 1053 1027 res
1080 966 1166 1047 ipsae
1194 965 1229 1029 iu

138 1062 275 1127 eandem
298 1064 400 1145 plane
421 1065 633 1139 sententiam,
659 1082 735 1127 cnm
764 1065 909 1145 denique
935 1063 1053 1129 endem
1077 1064 1229 1129 tradatur

135 1164 262 1229 inventi
277 1166 392 1247 operis
419 1164 567 1241 historie,
583 1184 663 1248 qum
681 1183 762 1245 ergo
787 1164 872 1229 ratio
893 1174 958 1241 cst,
983 1166 1130 1247 inquom,
1146 1165 1229 1229 sutis

138 1265 273 1343 idonea,
289 1283 391 1347 quaro
412 1284 511 1329 secus
526 1285 627 1349 quam
650 1286 704 1329 res
730 1266 807 1348 ipsa
826 1264 915 1328 ultro
937 1265 1072 1340 clamat,
1086 1277 1121 1329 et
1143 1265 1229 1349 Sep-

141 1367 255 1432 timius
276 1366 335 1431 ille
357 1366 472 1451 palaru
491 1368 535 1432 de
560 1367 749 1443 salutetur,
771 1385 965 1431 censeamus
986 1367 1143 1431 Latinum
1166 1369 1230 1432 buc

140 1468 343 1551 opusculum
366 1487 432 1532 uun
455 1478 532 1532 esse
555 1487 597 1532 ert
613 1465 737 1532 Graeco
752 1468 909 1531 versuml
956 1467 1127 1532 itatamcu
1141 1469 1232 1534 Vns·

141 1569 210 1633 sius
224 1569 261 1632 in
275 1568 464 1635 Historicis
481 1570 622 1645 Latinis,
639 1566 704 1646 ‘Q.
726 1570 908 1652 Septimius
922 1568 1097 1632 Romanus
1111 1571 1232 1635 Latine

142 1685 339 1734 obsumus
368 1669 511 1733 vertisse
535 1670 657 1753 Dictys
681 1667 869 1733 Cretensem
893 1668 935 1733 de
954 1670 1051 1734 Bello
1072 1670 1231 1754 Trojano,

142 1770 200 1835 sed
221 1771 374 1853 quisquis
398 1777 516 1834 auctor
538 1775 589 1833 est
611 1768 685 1849 ejus
710 1769 834 1853 operis,
856 1767 988 1847 Lefine,
1009 1790 1075 1835 nou
1100 1771 1232 1849 Graece,

142 1872 288 1955 scripsit,
303 1870 445 1937 Graecos
460 1877 570 1939 tameo
586 1876 745 1934 auctores
767 1889 842 1933 curn
864 1869 998 1952 judicio
1018 1870 1109 1953 legit,
1131 1879 1232 1955 atque

143 1990 185 2037 ex
195 1972 239 2037 iis
250 1971 437 2054 excerpsit,
446 1991 522 2055 quae
536 1970 668 2036 verimti
681 1977 905 2035 consentanea
915 1970 1127 2037 viderentur!
1148 1971 1233 2039 Vult

144 2094 231 2157 ergo,
247 2092 336 2157 opus
359 2072 424 2138 buc
449 2072 616 2155 Septimii,
631 2070 686 2135 rel
710 2072 902 2154 quicunque
921 2072 995 2156 rjus
1018 2080 1148 2151 auctor,
1163 2093 1233 2139 nun

145 2174 265 2241 Graece
279 2175 449 2258 primitus,
464 2172 523 2237 sed
539 2172 656 2237 Latine
671 2176 799 2235 tautum
820 2172 983 2255 scriptum
1005 2194 1082 2255 esse
1097 2180 1132 2238 et
1146 2194 1235 2239 com·

144 2276 302 2361 positum.
327 2275 499 2340 Disertius
512 2274 614 2339 etiam
627 2272 795 2338 Mercerus
809 2274 843 2336 in
858 2274 960 2339 Notis
973 2274 1015 2339 ed
1032 2274 1233 2360 Prologum:

145 2377 213 2442 ‘Et
226 2376 332 2444 multa
346 2376 475 2441 iudicis
489 2379 564 2440 sunt
577 2374 699 2440 Latine
720 2374 898 2456 scripsisse
914 2373 1088 2456 Nostrum,
1105 2396 1171 2442 nun
1190 2397 1235 2443 ex

145 2479 268 2545 Graeco
282 2479 434 2556 vertisse,
451 2486 486 2542 et
499 2477 618 2542 bebere
633 2495 656 2540 a
669 2475 801 2542 Graecis
815 2477 863 2552 ris
878 2473 956 2553 ὕλην,
971 2498 993 2541 a
1007 2479 1139 2547 Latinis
1151 2479 1237 2543 mul·

145 2591 195 2650 tes
223 2583 390 2648 dictiones
410 2601 606 2664 expressas,
632 2581 807 2664 praenipne
833 2601 855 2644 a
878 2583 1060 2648 Sallustio!
1103 2585 1235 2650 Vellem

144 2684 311 2752 ‘indicia’
339 2683 413 2748 beec
443 2683 637 2767 protulisset
664 2688 697 2748 et
724 2682 824 2747 notris
850 2695 1150 2750 commonstrssset
1175 2685 1238 2750 Vir

119 2787 371 2854 doctissimus.
415 2783 507 2850 Nem
528 2783 618 2867 quud
641 2784 782 2869 phrases
804 2784 927 2848 multas
941 2788 1097 2850 sumserit
1111 2806 1158 2851 ex
1172 2787 1237 2852 Ie-

145 2891 224 2956 tinis
240 2895 278 2954 et
299 2886 464 2952 classicis
489 2885 698 2962 auctoribus,
712 2903 753 2949 ac
768 2885 980 2968 potissimum
1001 2907 1044 2951 ex
1061 2885 1237 2966 Sallustio,

148 2991 240 3078 quid,
255 2991 411 3065 obsecro,
427 2989 462 3052 in
477 3007 520 3054 eu
533 2989 622 3052 inest
637 2989 680 3052 ab
700 2987 889 3069 interpretis
910 2989 1040 3053 ratione
1060 2987 1144 3053 odeo
1160 2990 1239 3054 aliu-
1356 3050 1366 3070 ‚

145 3113 234 3171 nm,
249 3111 327 3156 cum
348 3091 467 3174 ntique
489 3090 612 3154 latina
634 3089 796 3166 oratione,
820 3094 853 3154 et
871 3089 1008 3153 liberius
1031 3089 1175 3172 quidem,
1199 3099 1239 3154 ut

146 3198 305 3263 solebant
333 3200 411 3259 tunc
442 3193 651 3274 interpretes,
681 3190 796 3255 Greeci
836 3191 1011 3272 scripturis
1038 3193 1241 3273 expresserit

30 3287 31 3290 ¹
148 3297 346 3366 historiaml
371 3295 490 3378 Neque
505 3294 594 3358 enim
614 3291 767 3376 postulat
780 3293 956 3374 quisquam
972 3312 1096 3369 eurum,
1118 3291 1177 3373 qui
1194 3311 1239 3354 ex

147 3403 270 3468 Graeco
300 3397 460 3463 Nostrum
487 3397 561 3460 baec
585 3395 724 3459 vertisse
745 3401 897 3470 censent,
918 3400 956 3458 ut
977 3394 1115 3456 verbum
1137 3393 1239 3456 verbo

147 3522 276 3587 semper
290 3499 398 3564 anxia
412 3497 509 3561 nimis
525 3502 559 3562 et
573 3496 718 3560 obscura
739 3496 838 3577 plane
859 3494 1033 3576 diligentia
1053 3491 1241 3558 reddidisse

148 3605 314 3670 crudum.

192 3721 258 3770 xv.
281 3703 326 3767 Et
349 3708 461 3767 tamen
483 3701 570 3766 adeo
593 3699 682 3766 lidus
703 3698 767 3763 init
788 3716 883 3780 saepe
903 3699 1075 3780 interpres,
1091 3704 1128 3761 ut
1141 3698 1242 3760 etium

149 3805 350 3873 Groecismis
365 3803 439 3887 ejus
456 3801 559 3867 dictio
579 3800 737 3878 abundet,
752 3807 787 3865 et
810 3800 913 3865 verba
933 3817 974 3862 ac
996 3798 1135 3880 phrases
1148 3796 1243 3860 Gree-

149 3929 208 3974 uss
227 3906 370 3973 subinde
385 3903 507 3968 Latino
529 3921 680 3967 sermone
701 3917 883 3985 expressas
903 3897 1082 3963 retinuerit.
1125 3897 1243 3979 Speci-

149 4010 247 4074 minis
260 4008 342 4072 lucu
367 4005 436 4070 sint
458 4003 633 4086 sequentia
653 4021 697 4068 ex
720 4001 852 4066 duobus
873 4005 1001 4064 tanturn
1014 3998 1111 4062 libris
1125 3997 1243 4078 petitu,

151 4111 208 4174 lib.
223 4129 257 4174 v.
280 4113 290 4144 ¹
303 4107 434 4173 Eadem
447 4105 627 4189 cupiditate
643 4104 834 4170 universnm
849 4101 984 4166 domum
996 4099 1072 4183 ejus
1082 4098 1116 4163 iu
1128 4097 1243 4164 scelus
