2959 4875
413 328 465 379 nn
487 326 668 379 nrsroura
692 327 804 379 nrum
827 328 1003 381 nnorsm.
1203 318 1251 387 ti

144 478 230 545 sitis
245 478 346 545 mum
355 498 403 545 ex
423 480 600 560 divisione,
614 501 690 566 qnae
706 482 742 547 in
763 480 826 549 tali
838 480 974 565 negotio
986 487 1124 567 tompus
1136 484 1247 568 patie-

146 580 394 659 batmmven
410 582 705 649 aseenderofacit?
747 580 1246 670 Ubisinolraesitationolagen-

151 680 232 747 dum
245 700 381 760 nauseo,
394 680 555 767 impositis.
598 682 666 761 lta,
683 700 719 745 v.
732 684 794 749 12.
810 682 959 761 ‘Graeci
980 684 1040 751 ubi
1052 692 1172 752 cuneta
1182 705 1243 752 na·

151 782 249 847 vibus
260 782 421 866 imposita
434 788 524 860 suut,
539 783 581 848 ad
595 783 731 867 Sigeum
746 781 927 867 secedunt,'
941 789 976 848 et
991 799 1041 849 vr.
1060 784 1091 849 1.
1118 784 1246 851 ‘Post-

151 902 252 966 quam
266 884 449 969 impositis,
462 903 540 968 qnae
559 883 680 969 singuli
705 883 797 949 bello
812 883 1046 967 qnaesirerant,
1060 884 1243 952 ascendere

151 984 239 1069 um?

194 1102 220 1153 r.
240 1087 273 1153 u
297 1085 401 1152 ‘Non
416 1106 453 1153 se
467 1087 617 1169 ignorare
629 1088 687 1165 ait,
696 1086 831 1171 quantis
845 1087 1043 1153 mortalibus
1057 1095 1127 1155 tam
1142 1096 1243 1159 atrox

152 1188 280 1253 iaoinns
293 1188 569 1272 ⁸indignationem
589 1187 769 1255 iuunterot’
812 1187 957 1256 Deserot
975 1188 1050 1255 hoeu
1074 1191 1242 1259 confessio

152 1289 323 1355 Priamum
338 1298 400 1356 aut
412 1290 592 1376 'i'rojannm
611 1291 814 1375 quempiam,
828 1290 1019 1373 neutiquam
1032 1309 1110 1357 varo
1133 1293 1242 1379 lege·

150 1399 217 1459 turn
237 1390 447 1470 Graecorum,
462 1394 671 1460 accusantem
691 1390 727 1455 id
749 1391 890 1457 lacinus.
934 1388 1153 1477 Quapropter
1171 1414 1242 1461 ma-

150 1492 205 1557 lim
232 1512 330 1570 sane,
358 1513 420 1555 non
440 1513 529 1577 posse
550 1492 702 1579 ignoravi,
733 1492 799 1570 vel,
823 1492 854 1555 si
876 1491 972 1568 velis,
992 1490 1149 1577 ignorare,
1172 1499 1242 1563 soi·

9 1621 10 1624 ¹
149 1593 227 1659 licet
252 1613 327 1672 eos,
356 1592 399 1659 nd
422 1612 509 1678 quos
531 1595 636 1659 verba
658 1593 752 1658 iacit.
793 1592 853 1657 Sic
875 1606 916 1654 rr.
934 1590 988 1657 23.
1022 1590 1168 1678 ‘Neque
1189 1598 1244 1681 ig.-

146 1713 264 1760 norare
278 1712 483 1782 quenquam,
497 1694 528 1759 si
541 1698 612 1761 turn
626 1700 723 1760 atrox
744 1683 869 1778 injuria
879 1692 1058 1777 probanda
1071 1694 1130 1775 sit,
1144 1696 1243 1778 fore:

189 1894 320 1963 ibidem
330 1897 510 1981 respondet
524 1895 693 1974 Priamus,
714 1896 885 1980 ‘iniquum
898 1896 1031 1963 ridetur
1051 1898 1239 1967 insimulari

146 2014 235 2075 aum,
250 1998 312 2081 qui
333 1996 433 2075 absit,
457 1996 605 2062 maximo
627 2015 704 2062 cnm
725 1995 798 2061 lieri
821 1997 946 2081 possit,
962 1999 1014 2063 uti
1037 2018 1114 2084 qum
1127 2001 1239 2068 aini-

146 2116 227 2165 nose
242 2098 376 2185 objecta
395 2103 483 2177 sunt,
505 2098 664 2182 praesenti
684 2095 885 2163 refutatione
906 2098 1095 2165 diluantur?
1137 2100 1237 2185 Quis,

145 2200 205 2265 ubi
220 2202 368 2267 animum
379 2199 531 2279 attendit,
540 2218 607 2265 non
621 2199 735 2265 rideat
747 2198 935 2283 legendum,
943 2198 1131 2284 memini
1240 2235 1245 2243 ·

157 2346 162 2359 .
188 2303 260 2367 1.8.
283 2300 433 2384 ‘Reguli
446 2306 584 2386 repento
598 2299 812 2367 Concilium'
824 2301 891 2381 (vel
906 2302 1113 2368 ‘Consilium
1124 2302 1144 2369 ι’
1164 2310 1237 2372 orat

144 2402 232 2468 enim
258 2422 329 2472 non
351 2402 491 2487 Populi,
512 2400 573 2469 sed
586 2407 596 2438 ‘
611 2401 752 2481 senum,'
771 2420 858 2486 qnos
880 2400 962 2469 Rex
984 2402 1236 2487 ‘conduxerat'

142 2505 207 2572 lroo
221 2513 287 2585 ent,
309 2504 476 2590 soiperus,
497 2510 532 2572 et
553 2504 775 2571 ‘consulebat
783 2502 809 2588 ’)
830 2503 1044 2591 ‘irrumpunt
1059 2511 1159 2592 atque
1183 2511 1235 2575 in-

142 2607 284 2674 conditis
309 2608 459 2672 moribus
479 2605 605 2674 undum
628 2604 768 2690 singulis
789 2606 1002 2672 minitantur!
1043 2609 1127 2677 Scio
1141 2615 1235 2697 equi-

143 2705 218 2780 dem
231 2706 332 2772 etiam
347 2710 358 2741 ‘
371 2705 564 2772 inconditos
576 2703 706 2774 mores’
727 2705 807 2784 dini,
821 2707 924 2773 etiarn
939 2709 984 2774 ab
1005 2715 1142 2779 anctore
1154 2733 1236 2780 nos-

141 2814 207 2874 tro.
249 2809 318 2874 Sed
339 2808 520 2875 otmomini
542 2807 648 2874 hosca
663 2808 761 2892 ipsos
774 2809 908 2891 mgulos
921 2809 1029 2893 paulo
1047 2817 1124 2878 ante
1148 2815 1235 2881 ‘lin-

141 2929 205 2994 gna
225 2911 443 2996 moribusque
470 2908 652 2976 barbaros’
673 2911 796 2980 vocari·
840 2909 960 2976 Nihilo
986 2919 1100 2980 tamen
1122 2917 1234 2984 minus

139 3011 215 3078 huin
229 3014 311 3080 loon
331 3020 369 3079 ot
387 3005 482 3078 hisee
498 3011 816 3078 comminationibus
836 3012 938 3095 longe
954 3015 1089 3082 videtur
1108 3038 1234 3105 oppor-

139 3117 261 3194 tunius,
287 3114 490 3182 ‘inconditis
512 3113 740 3194 clamoribus,'
762 3114 931 3199 quomodo
944 3120 980 3181 et
1000 3117 1089 3184 inira
1106 3134 1164 3184 ιιι.
1179 3121 1233 3186 10.

140 3219 299 3305 loquitur.
417 3221 419 3226 '
609 3225 622 3284 “.
1234 3249 1238 3260 ·

149 3355 156 3366 ·
183 3339 209 3386 r.
222 3321 290 3387 9.·-‘
303 3318 384 3386 Rex
396 3319 529 3384 hortatu
544 3318 698 3384 Heonbm
713 3317 757 3383 ad
774 3317 943 3384 Helenam
955 3317 1050 3383 adit'
1071 3317 1141 3386 Hic
1152 3339 1234 3388 vero

136 3421 313 3508 legendnm
321 3421 508 3499 ¹uidebatur,
522 3419 646 3504 ‘Regis
659 3421 791 3487 hortatu
805 3417 975 3486 Hecuba!
1018 3417 1111 3486 Nam
1131 3427 1169 3489 ul
1182 3428 1234 3490 ta-

138 3543 246 3600 ceam,
261 3521 370 3606 magis
385 3519 540 3586 decorum
555 3539 645 3600 esso,
667 3527 706 3586 nt
728 3518 895 3588 Helenam
919 3540 1036 3587 recem
1055 3521 1233 3592 advenian-

139 3631 206 3692 tem
227 3623 339 3690 adiret
360 3621 493 3706 Regina
514 3629 643 3702 socrus,
659 3640 762 3706 quarn
775 3621 870 3688 solnu
896 3621 977 3688 Rex
992 3623 1107 3705 Socer,
1120 3645 1233 3693 emen·

139 3725 287 3792 dandum
300 3725 350 3789 itu
364 3721 539 3788 videbatur
554 3722 610 3788 vol
634 3722 793 3800 maxime,
806 3722 886 3807 qnia
905 3723 1020 3790 statim
1035 3733 1117 3809 post
1129 3727 1233 3794 houo‘e

137 3828 346 3914 oolloquium
364 3830 447 3890 cum'
461 3823 604 3905 Helena,
619 3822 759 3907 subjicit
771 3830 910 3905 anoton
933 3828 944 3859 ⁸
958 3824 1059 3908 igitur
1073 3822 1231 3908 Hecuba,

139 3929 322 4013 complexe
348 3923 527 4003 Helenam,
548 3945 589 3994 ne
611 3922 827 4012 proderotnr'
844 3924 935 4009 qnod
956 3923 1092 3992 Helena
1113 3927 1148 4009 in
1169 3921 1230 3995 illo

139 4029 308 4115 colloquio
339 4029 523 4110 rogaverat,
548 4027 713 4096 ‘summis
741 4027 867 4111 opibns'
891 4024 1124 4094 admonetur!
1153 4027 1230 4095 'Sed

140 4139 256 4214 umen,
282 4127 450 4198 Muluium
473 4147 549 4194 cum
564 4129 709 4210 consero,
725 4133 795 4196 turn
810 4146 887 4196 vero
902 4127 1124 4213 explicandus
1139 4131 1240 4200 vide-⁴
