2959 4875
451 312 515 391 ¹uu
539 340 670 393 uxorn.
693 340 821 393 urreis
844 342 990 393 rrrsuou.
1201 330 1268 399 885

178 506 215 553 se
230 487 264 551 in
278 472 550 569 lide'astriuguut.
593 489 755 566 Antenor,
774 493 811 553 ut
823 487 906 553 vidit
919 508 957 552 se
970 487 1176 567 obstrictum,
1190 491 1265 555 mit-

177 589 216 653 tit
231 588 274 651 ad
293 588 440 665 AEuoam,
455 587 584 667 diceus,
599 586 804 671 prodendam
819 608 897 653 esse
912 589 1067 671 patriam,
1081 596 1117 653 et
1130 591 1195 653 sibi
1210 610 1266 657 su-

175 688 274 769 isque
288 688 473 753 cavendnm
485 706 582 753 esse:
605 688 649 754 ad
670 690 958 771 Agamemnonem
980 690 1022 754 de
1043 690 1095 755 bis
1121 692 1265 775 aliquem

176 788 370 855 mittendum
386 808 481 853 esse:
504 806 581 853 uum
595 808 702 873 regem
717 789 838 854 iratum
852 788 893 853 de
907 791 1049 855 eoncilio
1069 794 1264 871 surrexisse,

176 888 257 972 quia
271 889 303 951 ei
318 908 437 971 paoem
451 890 615 955 suaserit:
639 890 743 955 vereri
765 909 803 953 se
824 890 960 973 nequid
975 893 1054 957 nori
1065 893 1199 973 consilii
1212 894 1265 957 iu·

174 997 239 1055 eat.
283 989 406 1072 Itaque
420 1010 538 1055 omues
551 991 766 1074 promittuut:
780 992 960 1074 statimque
977 992 1264 1075 Polydamantem,

174 1092 290 1173 quiex
301 1092 354 1155 bis
369 1112 454 1156 uuus
469 1092 605 1169 erat,ad
616 1089 902 1174 Agamemnonem
917 1092 1004 1155 olam
1019 1094 1163 1167 mittunt.
1194 1094 1264 1159 Po-

160 1191 329 1275 .lydamas
357 1193 393 1257 iu
420 1202 531 1259 eastra
559 1191 760 1275 Argivorum
789 1193 949 1275 pervenit,
984 1190 1263 1275 Agamemnonem

172 1294 337 1371 oonveuit,
362 1294 514 1378 dixitque
542 1313 584 1359 ea
606 1313 682 1377 qum
707 1294 781 1358 suis
807 1293 1003 1376 placerent.⁷
1057 1295 1142 1377 [tn]
1173 1294 1264 1380 Aga·
1372 1363 1377 1377 ,

171 1411 326 1458 memnon
351 1393 437 1459 olam
459 1398 555 1458 uoote
577 1412 692 1459 omues
716 1393 818 1459 duoes
838 1394 873 1456 iu
890 1394 1066 1459 concilium
1086 1404 1263 1475 convocat,

171 1493 269 1559 refert
281 1494 421 1561 eadem:
444 1494 527 1578 quid
541 1495 664 1576 cuique
680 1494 842 1571 videatur,
866 1494 976 1559 dloere
991 1496 1104 1579 jubet.
1148 1497 1263 1563 Omni·

171 1594 237 1659 bus
251 1595 487 1677 plaoimmesr,
506 1599 543 1659 ut
564 1594 648 1658 lides
670 1595 895 1676 proditoribus
918 1585 1075 1661 serretur.
1119 1596 1262 1679 Ulysses

170 1702 204 1759 et
220 1696 465 1775 Nestorvereri
479 1714 518 1763 se
530 1694 660 1771 dixero,
682 1694 770 1759 bauo
789 1695 1002 1759 temeritatem
1023 1695 1144 1763 subire.
1194 1697 1263 1762 Ne·

171 1794 359 1879 optolemus
372 1816 432 1861 eos
446 1796 580 1863 refutat.
615 1798 706 1862 Dum
721 1799 803 1861 iuter
817 1816 854 1861 se
868 1801 1007 1874 cenant,
1023 1798 1186 1880 placitum
1199 1805 1261 1876 est,

170 1898 301 1978 siguum
314 1914 336 1963 a
349 1897 594 1983 Polydamante
609 1898 730 1979 exigi,m
754 1903 790 1961 et
802 1896 952 1979 idipsum
970 1917 1032 1980 per
1045 1898 1201 1963 Sinonem
1217 1900 1263 1979 ud

170 1998 325 2076 AEuearn,
340 1997 532 2075 Anchisem,
554 2004 590 2062 et
611 1996 812 2063 Antenorem
825 1990 942 2061 mitti-⁶
985 1998 1087 2063 Sinon
1111 1999 1156 2063 ad
1177 1999 1260 2064 'Pro-

164 2098 238 2180 jam
261 2096 494 2183 proficiscitur.
537 2099 581 2163 Et
595 2101 675 2183 qnia
696 2101 842 2165 noudum
861 2100 976 2165 claves
999 2106 1105 2183 portae
1119 2098 1260 2184 Amphi·

169 2198 280 2262 machi
295 2200 491 2265 custodibus
504 2200 637 2265 traditae
650 2207 755 2278 eraut,
772 2202 868 2283 siguo
884 2201 966 2265 dato
988 2200 1105 2280 Sinon,
1126 2202 1260 2265 nomine

168 2298 297 2376 AEueae,
311 2307 347 2364 et
359 2298 531 2377 Anchisae,
543 2307 579 2364 et
593 2297 774 2365 Antenoris
789 2301 918 2377 audito,
931 2299 1154 2379 confirmatus,
1166 2299 1260 2384 Aga·

168 2402 331 2466 memuoui
350 2402 524 2468 renuntiet·
568 2401 664 2468 'l'uuo
678 2400 840 2484 placitum
854 2406 906 2467 est
929 2401 1096 2480 omuibus,
1117 2407 1156 2467 ut
1176 2399 1259 2466 tides

168 2499 309 2578 daretur,
338 2507 373 2566 et
396 2503 618 2585 jurejurando
644 2503 898 2581 confirmaretur,
925 2502 1097 2581 Antenori,
1127 2503 1259 2580 AEueoe,

167 2597 1258 2687 Ucalegoni,Polydamauti,Doloui,suisqueparentibus,liberis,r

167 2699 445 2785 conjugibusque,
468 2708 501 2767 et
519 2703 778 2785 consanguineis
796 2702 1007 2786 propinquis,
1020 2708 1055 2766 et
1067 2701 1185 2766 amieis
1199 2703 1259 2784 qui

167 2817 235 2864 uua
257 2803 512 2885 conjurassent,⁸
534 2804 686 2868 omuibus
701 2803 801 2867 fidem
815 2802 979 2886 praestari,
1002 2821 1128 2886 suaque
1143 2802 1258 2867 omula

166 2919 262 2966 saera
273 2910 287 2938 ¹²
301 2909 338 2966 et
351 2904 439 2968 bona
452 2903 635 2968 incolumia
649 2903 773 2969 habere
783 2905 894 2969 lineat.
925 2901 1006 2968 Hos
1021 2906 1123 2985 pacto
1136 2901 1257 2974 coufir-

622 3065 800 3089 “nomene

197 3161 213 3206 l
231 3157 328 3208 Omnes
345 3173 421 3210 voees
437 3159 530 3210 desnut
548 3160 581 3210 sb
600 3160 799 3222 Amerinum
814 3175 895 3226 usque
906 3161 939 3211 sd
953 3165 1074 3227 placerem
1089 3161 1116 3211 iu
1126 3160 1256 3225 Delpb-

165 3222 181 3251 '
198 3222 270 3272 Mau
282 3221 423 3285 Delfis-t
440 3223 534 3273 Liberis
545 3225 643 3274 umlttit
656 3225 804 3288 Depre-s
820 3225 930 3277 Omissis
941 3229 1046 3279 roetbur
1055 3231 1081 3275 et
1091 3225 1183 3289 ωἰοὶε,
1191 3223 1255 3289 lepl-

167 3296 210 3335 rur
220 3301 271 3335 esis
281 3285 316 3336 eis
326 3287 367 3350 qui
381 3301 428 3336 use
438 3293 616 3338 commorassent
627 3288 654 3338 in
665 3287 760 3354 Delpb.

658 3449 767 3501 Nom

197 3551 215 3576 ¹¹
232 3533 616 3610 dignamul‘otpdusm‘sreexigi]
627 3545 689 3596 Vel·
728 3546 848 3598 Sinonem
858 3544 991 3608 miserant,
1000 3543 1043 3610 qui
1054 3542 1128 3608 signo
1138 3541 1183 3592 illo
1194 3543 1255 3605 dato

165 3619 216 3670 lem
236 3619 344 3668 dixisset
363 3622 457 3686 Dares,
472 3622 540 3687 quod
559 3623 657 3685 signum
675 3634 690 3671 s
729 3619 762 3668 sb
773 3619 863 3682 Eure,
878 3618 999 3675 Anchise,
1010 3625 1038 3668 et
1048 3618 1182 3668 Antenore
1193 3629 1254 3682 eog-

166 3694 355 3757 Polydamrute
367 3695 454 3744 Grani
473 3698 605 3758 petierint,
622 3696 690 3762 quod
729 3696 886 3753 uirus‚iutrs
904 3703 993 3759 portas
1010 3694 1113 3758 quidem
1133 3699 1255 3756 receptus

165 3779 258 3834 postes
281 3783 328 3834 per
349 3769 467 3819 Sinonem
490 3769 521 3818 ad
540 3761 645 3820 AEuesm
664 3777 691 3820 et
729 3785 781 3820 uon
797 3769 857 3834 fuit,
871 3771 932 3835 quis
947 3768 1060 3818 uoudurn
1076 3765 1256 3830 Amphimsebl

166 3846 325 3896 Antenorem
338 3844 438 3894 misere.
470 3843 510 3891 Ex
527 3843 691 3906 sequentibus
731 3847 880 3896 custodibus
895 3846 982 3894 olsres
997 3843 1118 3893 tradita:
1146 3839 1192 3889 sed
1212 3839 1256 3889 Ε·

166 3921 259 3987 conjici
267 3929 362 3986 potest,
372 3919 584 3986 Polydamanteur
592 3920 691 3984 siguum
730 3934 798 3982 ueae,
819 3919 937 3968 Aueblsre
955 3924 983 3967 et
1001 3915 1256 3970 Antenorieuosreu

167 3999 230 4048 illud
241 3997 353 4054 dedisse,
361 4010 412 4061 quo
421 3994 512 4059 quiris,
524 4010 540 4043 s
550 3994 649 4044 Granis
659 3994 692 4056 sd
731 3994 841 4056 sudirlt,
850 4008 900 4058 quo
911 3993 988 4056 plane
999 3989 1164 4040 confirmatus
1175 3995 1224 4042 est.

166 4073 267 4137 'lrojmu
280 4073 379 4134 missus,
397 4071 465 4120 intre
483 4070 577 4118 munis
593 4067 693 4131 recipe·
763 4077 776 4102 ²
793 4063 1255 4132 quumisnm18iugulleulm

167 4158 248 4200 retur.
281 4149 356 4204 Quod
372 4155 401 4199 ut
411 4145 593 4212 experirentur
604 4144 691 4196 Gruel
730 4143 801 4194 uires
812 4140 917 4192 susslbi
927 4137 1255 4237 proprissserscffdle.
