2959 4875
395 352 445 401 os
468 354 649 403 nrs'roars
675 353 785 403 suum
810 351 986 406 rnorem.
1185 340 1231 407 29

133 496 199 561 sed
212 502 246 560 et
258 515 300 561 ex
314 494 403 574 uliis,
417 506 454 561 et
469 498 616 562 maxime
630 516 673 561 ex
690 498 839 584 Sisypho
860 500 946 576 Coo,
962 501 1125 582 scriptore
1140 500 1229 583 ejus·

134 596 212 659 dem
226 597 340 661 larinee
356 603 389 662 et
402 605 507 676 notae,
524 618 621 681 quem
636 600 804 664 tinxerunt
817 601 940 667 Teucri
953 604 990 665 iu
1009 603 1077 665 ista
1091 602 1230 685 expedi·

134 698 223 761 tione
248 698 354 763 fuisse
370 697 546 775 Comitem,
561 705 596 764 et
619 708 694 764 ante
719 701 903 765 Homerum
926 702 1042 766 itidem
1064 702 1228 786 Trojanas

133 817 188 861 res
204 802 393 882 posteritati
408 800 607 883 prodidisse.
650 801 740 867 Vide
763 802 880 867 Malel.
903 822 977 885 pag.
995 805 1069 867 167.
1096 810 1131 867 et
1153 805 1229 869 168.

135 898 218 963 lude
234 921 313 983 ergo
328 902 446 966 babuit
460 901 604 965 Mulelas
619 900 822 967 hauddubie
836 922 944 985 pauca
958 904 1027 979 illa,
1039 924 1117 987 quae
1132 906 1229 969 aliter

134 1020 174 1065 ao
191 992 377 1085 Septimius
397 1022 442 1065 ex
467 1022 530 1066 sue
553 1000 695 1087 Dictyos
719 1002 939 1087 Ilpbemeride
959 1005 1068 1068 refert.
1110 1006 1228 1070 Taceo

133 1106 243 1180 etiam,
260 1103 460 1187 Septimium
482 1105 615 1168 liberius
636 1106 670 1166 in
693 1103 851 1169 vertendo
872 1105 992 1187 egisse,
1007 1125 1049 1170 ac
1066 1108 1228 1172 modoin-

133 1205 280 1268 dulsisse
296 1206 439 1269 orationi
456 1208 487 1269 in
503 1207 603 1269 rebus
627 1205 779 1271 disertius
793 1205 1027 1288 explanandis,
1042 1207 1143 1271 modo
1156 1227 1229 1280 uer·

134 1306 293 1369 rationem
318 1326 426 1370 rerum
447 1309 667 1385 contraxisse,
684 1307 845 1371 Malelam
871 1326 963 1385 vero,
985 1314 1025 1371 ut
1040 1309 1228 1390 saepissime

133 1408 167 1469 in
181 1408 260 1471 eliis
275 1407 359 1471 iacit
373 1408 532 1484 historiis,
547 1409 647 1472 ctiam
663 1408 717 1471 bic
733 1406 823 1472 baud
838 1408 950 1485 dubie,
961 1409 1130 1472 memoriae
1146 1410 1228 1474 vitio

133 1514 191 1571 aut
205 1508 384 1591 imperitiae
400 1510 513 1590 culpa,
528 1510 654 1590 saepius
676 1528 825 1588 errasse3
847 1507 990 1591 denique
1011 1527 1104 1590 srepe
1125 1509 1228 1573 ctiam

132 1610 305 1690 utriusque
320 1608 474 1672 librarios
488 1626 598 1673 avero
609 1616 644 1671 et
661 1610 805 1689 genuino
819 1609 927 1689 ipsius
942 1610 1091 1671 auctoris
1105 1608 1230 1673 deflex-

132 1711 212 1772 isse.
258 1706 339 1785 Quo
360 1707 479 1785 refero,
503 1710 646 1773 incertos
670 1714 792 1784 tamen,
813 1713 920 1772 utrum
944 1709 989 1772 ud
1010 1708 1228 1787 librariorum,

133 1828 174 1871 an
191 1810 308 1893 potius
326 1809 461 1873 Malelm
482 1810 587 1891 ipsios
601 1808 749 1891 culpam,
764 1807 856 1891 quod
878 1811 911 1872 in
930 1810 1032 1873 modo
1047 1815 1229 1874 memorata

133 1910 275 1973 historia
288 1911 427 1973 ultorem
439 1909 567 1974 illarum
584 1909 730 1974 Menelai
746 1908 902 1987 affinium,
917 1930 984 1974 non
1007 1914 1018 1945 ‘
1026 1908 1230 1993 Clymeueo,'

132 2019 169 2075 nt
189 2012 272 2075 lacit
294 2010 479 2088 Homerus,
492 2010 648 2088 Ovidius,
670 2018 704 2076 et
718 2011 904 2093 Septimius
916 2018 1040 2088 noster,
1053 2010 1114 2074 sed
1130 2009 1229 2095 ‘Cly-

133 2112 382 2177 taemnestram’
405 2132 536 2195 semper
551 2119 657 2177 vocet.
700 2111 844 2176 Accedit
858 2112 921 2187 bis,
936 2110 1025 2194 quod
1041 2116 1074 2173 et
1084 2110 1229 2175 Malelas

132 2234 198 2277 non
205 2214 424 2295 descripserit
435 2213 534 2295 plane
550 2213 684 2296 Dictyn‚
695 2212 755 2275 sed
766 2231 896 2275 summa
910 2212 1023 2276 itidem
1040 2232 1114 2276 cum
1129 2212 1229 2276 liber·

133 2320 202 2379 tate
217 2334 262 2379 ex
278 2316 437 2378 memorie
450 2314 581 2396 longius
604 2322 665 2377 aut
678 2314 813 2378 brevius
836 2314 907 2375 suis
929 2312 1041 2376 verbis
1055 2332 1109 2375 res
1130 2330 1173 2376 ex
1187 2331 1229 2377 eo

21 2420 22 2427 ’
134 2416 287 2498 singulas
308 2416 522 2499 expresserit,
543 2421 579 2480 ut
598 2414 706 2499 liquet
728 2432 773 2478 ex
799 2418 850 2478 tot
871 2413 1020 2478 barbaris
1041 2412 1228 2492 vocabulis,

134 2519 233 2582 sicuti
249 2518 376 2600 passim
399 2517 494 2594 alibi,
509 2519 557 2581 ita
584 2516 617 2579 in
640 2517 703 2581 buc
725 2535 858 2598 quoque
879 2514 1020 2578 historia
1041 2515 1130 2598 opud
1152 2535 1227 2578 eum

132 2619 397 2685 occurrentibus.
442 2617 559 2682 Veluti
576 2615 703 2680 δουλίδων
716 2615 966 2700 κωβικουλαρίων,
981 2616 1057 2679 119.
1078 2613 1228 2698 spartrrirrr

132 2723 179 2797 ris
199 2719 316 2804 χώραν,
331 2720 407 2783 126.
430 2722 457 2781 ir
478 2723 521 2803 τῷ
544 2717 599 2802 ltlp
621 2724 793 2794 παπυλεῶνι,
819 2717 890 2782 127.
912 2715 970 2779 ’ἴδια
988 2713 1131 2797 periris«,
1153 2717 1228 2780 136.

131 2831 164 2888 et
178 2825 261 2901 ulia,
281 2843 359 2907 quae
376 2823 581 2886 alienissima
596 2829 673 2887 sunt
688 2843 708 2887 a
725 2820 851 2886 Graeco
868 2820 1030 2904 temporis
1048 2817 1229 2884 Neroniani

134 2926 311 3008 scriptore.

175 3041 267 3090 xm.
291 3024 395 3090 Aliud
421 3046 500 3091 vero
521 3027 598 3090 huic
622 3026 794 3091 sentcntiae
817 3024 980 3108 opposuit
993 3022 1059 3087 Vir
1073 3020 1228 3086 doctissi·
1358 3073 1369 3092 .

133 3147 217 3201 mus,
231 3127 256 3190 J
260 3147 311 3190 os.
330 3127 512 3203 Mercerus,
535 3135 570 3192 et
592 3146 668 3210 quae
693 3145 770 3189 eum
799 3127 961 3208 sequitur,
991 3123 1091 3187 Aona
1114 3123 1229 3200 Fabri,

21 3285 23 3316 ,
132 3230 304 3294 credentes
328 3229 464 3310 pariter,
480 3228 604 3310 Dietyn
626 3227 732 3303 illum,
755 3227 875 3309 ‘eujus
892 3226 1019 3290 mentio
1038 3222 1129 3305 apud
1151 3224 1229 3288 Sui·

131 3332 207 3396 dam
237 3338 274 3393 et
302 3329 459 3406 Tzetuen,
483 3330 585 3394 alium
606 3347 681 3392 esse
703 3347 724 3392 e
748 3327 887 3405 Nostro,
914 3327 995 3409 quia
1016 3324 1106 3406 epod
1135 3325 1229 3388 illum

132 3432 281 3508 (Edono,
298 3431 415 3495 audita
430 3437 533 3495 morte
549 3430 696 3506 Paridis,
713 3428 893 3512 suspendio
915 3429 1062 3509 seipsam
1084 3426 1229 3489 sustule-

131 3538 184 3613 rit,
212 3555 293 3618 quae
323 3534 413 3616 apud
440 3532 599 3597 Nostrum
620 3548 667 3594 rv.
690 3531 744 3596 21.
770 3549 830 3612 per
855 3546 1030 3592 moerorem
1056 3526 1228 3598 deficiente

132 3639 243 3701 animo
257 3633 468 3700 conciderit!
495 3634 698 3717 Respiciunt
708 3634 818 3696 locum
827 3631 962 3694 Tzetzis
977 3627 1021 3693 ed
1035 3628 1235 3720 Lycophro3

132 3759 218 3816 nem,
233 3737 290 3802 61.
304 3737 362 3801 ubi
375 3736 497 3800 dicitur
510 3735 656 3811 OEnone,
665 3754 740 3800 cum
751 3730 1023 3816 deprehendisset
1037 3734 1048 3763 ‘
1061 3739 1229 3794 mortuum

129 3838 197 3920 jam
221 3837 337 3917 Parin,
360 3858 397 3902 se
426 3839 536 3920 ipsum
560 3836 750 3913 sustulisse,
765 3834 820 3897 vel
844 3832 1026 3896 secondum
1049 3827 1229 3905 Goiotum,’

133 3945 244 4024 (quem
260 3960 282 4005 a
295 3939 427 4019 Quinto
442 3937 586 4004 Calabro
601 3943 759 4020 tanquam
774 3936 939 3999 diversum
956 3931 1042 3994 male
1055 3930 1230 4009 distinguit

136 4043 242 4118 Mna,
255 4048 373 4107 notans
386 4041 430 4106 ad
444 4057 493 4104 ιν.
502 4039 555 4112 21.
578 4044 587 4073 ‘
601 4038 756 4104 Coiutum
769 4040 904 4100 secutus
917 4031 961 4108 Q.
973 4029 1136 4104 Calaber,’
1152 4027 1227 4094 oum

137 4161 218 4208 uuus
240 4143 398 4228 idemque
424 4141 537 4217 suerit,
569 4139 611 4203 dc
640 4159 706 4222 quo
730 4137 830 4202 velim
858 4132 1076 4214 videasque
1101 4135 1230 4198 notarit
