2959 4875
237 322 281 391 71
314 390 321 401 ,
676 340 764 391 nou.
785 338 899 390 surus

239 491 324 556 aiter
342 488 439 555 silice
458 488 572 574 (quem
587 490 762 556 sumebant
783 508 829 556 ex
843 488 919 556 rede
936 490 1038 556 lovis
1052 488 1203 556 Feretrii.
1246 486 1326 557 vat.

239 591 381 657 Maxim.
396 605 452 653 ιιι.
465 588 516 673 2.)
538 590 751 655 interimebat
763 590 909 671 anime13
930 590 1017 655 iuter
1030 589 1100 656 ulia
1120 598 1157 655 et
1176 590 1252 656 hren
1264 610 1327 657 ex·

238 690 387 755 olamans
402 710 411 755 z
433 690 611 774 ‘Populus
625 690 800 757 Romanus
814 693 906 776 prior
917 709 984 757 uon
998 691 1140 757 deficiet
1182 691 1221 758 Si
1234 694 1326 777 prior

239 790 376 869 defecit,
392 792 529 875 publico
557 790 715 869 oonsilio,
744 791 825 857 dolo
847 792 949 868 mdo,
961 795 997 855 tu
1017 791 1077 857 ilio
1093 792 1161 870 dic,
1183 792 1327 879 Jupiter,

237 893 401 978 populum
430 891 617 957 Romanum
640 892 690 956 sic
711 890 822 970 ferito,
846 896 883 956 ut
902 909 966 973 ego
991 890 1079 957 hunc
1106 912 1244 976 porcum
1270 894 1325 960 hic

156 1034 162 1057 .
237 992 336 1057 hodie
349 993 488 1073 seriam
509 997 670 1077 tantoque
693 992 802 1073 magia
822 990 932 1068 serito,
954 997 1082 1074 quanto
1098 993 1205 1074 magis
1228 999 1326 1076 potes

237 1090 435 1175 pullosque!
477 1092 552 1157 liv.
569 1108 594 1155 1.
607 1091 663 1155 24.
685 1094 719 1155 et
734 1093 837 1155 ιιι..ἰ.
879 1089 991 1169 Quem
1004 1097 1153 1157 ueterum
1168 1091 1327 1157 Foederis

237 1193 378 1259 iefiendi
405 1192 631 1270 acrimoniam,
660 1191 722 1257 diu
747 1191 944 1274 neglectum,
966 1192 1000 1257 in
1028 1210 1124 1258 usum
1153 1194 1327 1259 revocavit

238 1302 320 1388 imp.
335 1299 509 1366 Claudius.
524 1297 857 1365 Sueton.01aud.25.

281 1402 361 1468 Ηοο
372 1420 452 1466 vero
466 1400 551 1465 inter
566 1398 719 1465 Fecielos
734 1405 876 1484 peracto
893 1400 1073 1479 sacrificio,
1083 1419 1141 1466 sus
1154 1400 1211 1466 ille
1224 1400 1278 1467 vel
1291 1399 1326 1466 in

237 1521 329 1568 mare
350 1502 405 1567 val
426 1500 508 1566 alibi
531 1501 770 1584 abjiciebatur:
792 1502 919 1586 qnippe
940 1500 1033 1566 rcsc‘i
1054 1501 1205 1579 victime,
1225 1520 1328 1586 snper

239 1621 307 1687 qna
330 1602 564 1687 jusjurandum
586 1606 798 1685 conceptum,
824 1602 981 1686 religiose
1004 1602 1153 1667 uetitum.
1197 1601 1328 1667 Pansa-

239 1703 326 1781 nias,
341 1702 447 1767 Elian.
461 1703 562 1786 prior.
577 1703 630 1766 24.
645 1702 704 1767 ubi
716 1701 758 1765 da
771 1701 1039 1783 Agamemnon„
1061 1721 1106 1767 ex
1121 1701 1227 1766 Hom.
1242 1702 1284 1768 11.
1297 1728 1327 1767 τ.

244 1800 412 1867 Videatur
425 1802 543 1867 Everh.
560 1800 722 1880 Feithius,
738 1798 852 1884 Autiq.
867 1800 1077 1866 Homericus.
1091 1817 1144 1864 ιν.
1157 1803 1211 1868 17.

281 1904 448 1969 Nummus
466 1903 522 1968 hic
535 1901 696 1968 Antistiae
717 1903 824 1987 gentis
848 1908 1020 1987 spectatur
1042 1902 1126 1967 inter
1138 1901 1327 1971 witoiauos

240 2004 362 2070 Solent.
376 2004 453 2071 124.
477 2002 579 2068 Num.
602 2024 701 2088 quem
726 2013 849 2084 tamen,
863 2010 1020 2088 respectu
1042 2004 1326 2082 vestimentorum,
1450 2072 1455 2077 ,

238 2104 423 2170 accuratius
437 2104 589 2187 depinxit
606 2110 642 2170 et
655 2106 690 2170 in
713 2105 915 2191 Spacimiuis
926 2105 962 2169 8.
976 2103 1062 2169 Ταῦ.
1076 2102 1236 2188 produxit
1249 2102 1328 2170 dio·

237 2204 360 2270 reilius.

280 2304 435 2387 Denique
445 2324 488 2370 eo
501 2303 776 2387 hachirg.v111.
789 2304 953 2371 AEuffl.
966 2307 1096 2387 egregie
1105 2305 1328 2371 illustrantur:

364 2407 452 2472 Post
467 2406 567 2484 idem,
582 2408 670 2472 inter
684 2426 722 2472 sa
736 2409 849 2491 posito
864 2406 1056 2484 certamine,
1070 2424 1164 2490 rages

364 2505 496 2572 Armati
510 2505 534 2571 J
536 2507 609 2571 ovis
624 2511 701 2572 ante
714 2525 816 2585 arum,
830 2515 1036 2593 paterasque
1050 2511 1199 2572 tenentes

364 2607 518 2684 Stabant,
532 2613 568 2671 et
581 2624 673 2673 casu
683 2607 869 2692 jungebant
882 2608 1012 2673 foedera
1025 2625 1142 2692 porca.

237 2707 379 2774 Necnon
393 2725 468 2790 ques
483 2705 572 2772 idem
584 2705 694 2785 habet,
708 2711 779 2772 xri.
800 2707 880 2772 AEn.
898 2708 971 2774 1⁷0.
1109 2765 1113 2770 ,

585 2963 657 3030 xl.
702 2962 978 3030 IPHIGENIA·

613 3121 694 3187 ma
709 3139 733 3185 1.
755 3121 846 3188 (ier.
860 3123 914 3188 21.

236 3265 432 3350 ‘Virginem
447 3264 588 3351 Ilesses
603 3271 638 3332 et
651 3267 831 3334 Menelaus
845 3287 921 3333 cum
936 3267 1114 3334 Calchante
1127 3267 1267 3354 (quibus
1289 3266 1328 3331 id

276 3368 446 3449 negotium
468 3365 582 3430 datum
604 3364 705 3452 arat)
725 3368 862 3432 remotis
883 3370 1001 3450 procul
1023 3370 1192 3446 omnibus,
1221 3367 1328 3434 sacri-
1392 3453 1396 3457 ‚

282 3465 361 3531 ticio
372 3464 569 3531 adornavit!

278 3579 494 3658 iratumne,
504 3580 765 3663 Agamemnonis
778 3590 814 3649 et
831 3583 1116 3669 Giyteemnestrae3
1139 3584 1182 3650 de
1195 3602 1264 3668 qna
1275 3584 1326 3650 io·

234 3679 324 3745 bulas
337 3679 513 3761 plurimum
525 3681 766 3766 discrepantes.
809 3684 894 3749 Cum
907 3687 1050 3767 poterin
1062 3684 1188 3750 Aulide
1201 3685 1326 3751 Diana

237 3795 368 3844 sacrum
383 3797 514 3845 cervum
537 3781 728 3867 imprudens
750 3785 942 3863 occidisset,
955 3784 1128 3868 indignata
1142 3784 1231 3864 Dea,
1246 3792 1330 3850 tom·

234 3883 366 3961 pcstate
391 3881 573 3960 concitata,
602 3881 796 3950 urceorum
816 3888 851 3950 in
875 3884 992 3950 Asiam
1015 3885 1194 3969 uajectmn
1217 3904 1328 3950 mora·

235 3977 344 4044 batur.
386 3977 636 4057 Quudecausa
648 3992 836 4052 mmtvatee
848 3987 1328 4072 commensurationem

237 4078 392 4162 Μεῦὶῠῠ
412 4077 676 4165 Agamemnonio
698 4085 847 4155 Dianam
873 4106 951 4154 esse
976 4086 1190 4174 placandum.
1235 4086 1328 4172 Ergo
