2959 4875
223 358 288 428 132
573 370 733 422 niceros
757 372 962 423 ounneusrs

225 520 279 584 his
294 514 382 582 loeis
397 515 597 600 impositure,
612 514 736 580 fiducia
761 514 987 598 eognationis‘
1008 512 1051 579 ad
1074 530 1150 578 enm
1164 512 1310 591 veniunt,

224 620 322 701 eique
338 617 474 699 quinam
488 622 606 694 essent,
627 621 661 679 et
675 615 871 697 quibuscum
893 616 1116 697 navigassent,
1138 632 1310 697 aperuere.

226 718 335 783 Dein¹
356 718 463 781 multa
487 716 632 781 invicem
655 721 829 781 consumta
853 718 1016 793 oratione,
1039 715 1083 779 ud
1108 720 1312 797 postremum

225 818 326 883 nostri
341 818 455 882 acrius
469 817 634 893 incusare,
654 816 744 899 qnod
770 825 838 880 tam
863 817 1027 881 hostiliter
1041 815 1214 879 adversum
1231 814 1313 877 suos

224 926 424 982 versaretur.
467 916 746 997 Agamemnonem
760 936 903 1001 namque
918 922 951 981 et
966 916 1155 981 Menelaum
1173 912 1312 995 Pelopi-

226 1019 300 1094 das,
314 1036 379 1081 nou
394 1018 521 1081 alienos
536 1017 690 1096 generis¹
712 1018 777 1092 eui,
799 1036 875 1079 eum
895 1016 1078 1080 exercitum
1094 1012 1313 1079 contraxisse.

227 1116 318 1181 Dein
332 1136 409 1199 qum
427 1116 516 1175 cirea
536 1110 670 1173 domum
685 1109 831 1175 Menelai
855 1114 898 1176 ab
914 1114 1107 1179 Alexandro
1130 1113 1314 1179 commissa

226 1224 350 1290 essent,
363 1216 562 1293 raptumque
579 1209 721 1273 Heleoae
736 1209 878 1275 docent:
900 1214 943 1276 ob
959 1224 1057 1295 quas³
1081 1214 1200 1278 decere
1220 1233 1311 1290 eum,

226 1332 304 1379 oum
320 1316 454 1395 propter
467 1310 797 1391 consanguinitatem,
810 1316 878 1375 tom
894 1314 1063 1395 praecipue
1077 1313 1121 1377 ob
1136 1313 1249 1377 scelos
1264 1313 1313 1376 vi-

226 1414 309 1478 olati
323 1410 508 1477 communis
528 1408 677 1493 hospitii,
692 1408 826 1474 Graeoie
847 1411 932 1476 ultro
953 1412 1064 1476 serre⁴
1085 1412 1258 1489 auxilium,
1279 1414 1314 1475 in

227 1532 364 1596 quorum
385 1510 549 1593 gratiamv
570 1510 679 1593 ipsius
694 1511 792 1574 etiam
808 1508 968 1575 Herculis
994 1512 1138 1594 plurima
1161 1511 1314 1575 loliorum

226 1617 442 1678 monumenta
454 1630 514 1692 per
535 1614 639 1674 totam
655 1607 824 1673 Graeciam
847 1610 1049 1675 existerent.⁵
1092 1608 1148 1674 Ad
1164 1604 1207 1675 ea'
1219 1610 1315 1675 Tele·

226 1714 337 1797 phos:
358 1711 421 1775 etei
434 1710 548 1775 dolore
565 1711 706 1775 vulneris
720 1710 896 1775 immodice
919 1710 1151 1788 afflictabatur,
1173 1712 1315 1791 benigne

223 1821 339 1877 tamen
354 1810 571 1893 respondeus,
584 1812 732 1892 ipsorum
747 1812 861 1893 potius
884 1810 932 1875 eit
954 1812 1055 1893 eulpa
1068 1813 1205 1887 fautum,
1220 1810 1312 1893 qood

227 1910 458 1987 amicissimos,
477 1917 513 1975 at
533 1912 667 1994 junctos
686 1911 753 1975 eibi
779 1912 911 1991 generis
933 1910 1103 1989 affinitate,
1124 1930 1225 1993 regno
1249 1928 1314 1974 suo

227 2012 387 2094 appulsos
400 2010 621 2090 ignoraverit:
633 2002 882 2093 promittendus
895 2012 1015 2075 etenim
1030 2011 1147 2088 luisse,
1158 2030 1216 2093 per
1226 2030 1314 2093 quos

226 2112 362 2191 cognito
376 2128 489 2174 eornm
502 2110 646 2175 adventu
661 2110 796 2174 obviam
811 2112 860 2173 ire
879 2111 1098 2191 gratulantem
1115 2112 1315 2194 oportuerit:

227 2217 331 2293 atque
358 2210 466 2273 amice
493 2210 640 2293 hospitio
665 2216 832 2292 receptos,
862 2210 1069 2294 donatusque
1093 2212 1316 2287 muneribus‚'

227 2330 306 2375 enm
333 2310 544 2374 commodum
566 2309 652 2392 ipsis
668 2310 847 2388 videretur,
866 2312 1041 2378 remittere.
1086 2310 1240 2376 Ceterum
1256 2312 1318 2375 mi·

226 2410 331 2474 litium
346 2409 516 2476 Priamum
528 2409 718 2476 advmsum¹
732 2429 884 2477 recusare
895 2432 903 2477 :
916 2410 1124 2496 Astyochen⁶
1139 2412 1225 2476 enim
1242 2410 1317 2475 Pri-

228 2511 346 2586 ami,⁷³
362 2511 428 2576 eibi
441 2512 650 2577 matrimonio
661 2513 825 2596 Junetam,
834 2531 879 2577 ex
889 2533 957 2598 qua
972 2513 1158 2597 Eurypylus
1172 2511 1316 2594 genitus,

227 2821 326 2878 ascet
344 2815 439 2880 Delpu.
457 2817 607 2877 efferre—⁵
630 2819 728 2882 Delph.
745 2819 903 2870 aleten-ti
922 2817 1020 2883 Delplr.
1038 2816 1235 2880 Aenum-t
1251 2818 1317 2867 Post

721 2992 832 3045 NOTAE

259 3101 386 3151 *ΡΜ
405 3104 565 3170 mertone]
592 3105 661 3156 Num
679 3107 754 3156 'lele-
793 3102 1318 3166 Herculemottnlllunobmuoaeuo-

226 3175 292 3239 plrnr
308 3189 395 3226 eornm
414 3184 471 3226 erut
489 3181 640 3237 ermenius,
658 3194 753 3245 nempe
791 3181 938 3231 medentem
950 3179 1128 3230 interfecisse?
1145 3171 1193 3227 tre.¹

226 3249 542 3312 trater'l'lreeenll,eornm
555 3254 645 3317 patrie.
823 3263 839 3286 '
856 3256 1007 3316 Boeotosque
1017 3251 1162 3314 menon]
1178 3252 1243 3303 Qun
1259 3253 1318 3304 ideo

259 3333 271 3357 ¹
288 3326 344 3372 Non
354 3325 442 3375 aem
457 3327 563 3391 generis]
583 3330 649 3379 Nam
658 3330 752 3380 Tanu-
792 3315 1318 3392 Xeniedioebnntor,quoddarenturlioe·

225 3399 267 3446 lue
282 3399 387 3463 Pelopis
404 3402 594 3463 perennioris
611 3403 678 3452 tillus
692 3401 753 3464 luit,
790 3403 896 3466 pilioni,
905 3403 949 3468 qul
957 3401 1058 3452 (lemeis
1070 3398 1189 3450 ‘Xenoi'

226 3477 254 3521 et
270 3474 307 3520 itu
324 3471 405 3521 irater
416 3473 599 3539 Hereulie‚qui
609 3476 752 3539 Telephum
822 3485 835 3509 ²
851 3478 975 3526 Pomm
993 3474 1128 3537 mm]
1145 3474 1210 3536 Pro,
1227 3476 1318 3527 silver-

226 3546 350 3608 eoreeptt.
384 3545 469 3610 Igitur
478 3547 574 3611 Pelope
582 3554 611 3598 et
621 3549 752 3613 'l'eleplroo
789 3563 843 3598 eum
863 3550 1009 3600 Priamum:
1025 3551 1063 3600 eie
1080 3564 1167 3614 repre,
1181 3553 1317 3615 ‘qumod-

225 3620 380 3671 eunoobriui.
398 3620 573 3684 Agamemnon
583 3639 644 3674 vero
654 3631 682 3674 et
692 3625 750 3674 lite·
791 3623 910 3687 verrnm‚'
927 3637 973 3689 pro
990 3630 997 3654 ¹
1007 3624 1145 3674 {doersum
1157 3629 1238 3690 quoe!

226 3696 315 3744 nelnus
346 3694 491 3745 Plisthenis
520 3696 575 3760 tilii,
606 3696 751 3748 l’llrtlrenee
822 3698 984 3761 ’sepem
1004 3699 1066 3750 enin
1088 3699 1195 3763 Prone]
1227 3702 1318 3754 ellim

225 3769 311 3830 Atrei,
322 3768 416 3818 Atreus
427 3769 539 3834 Pelopis.
791 3771 900 3822 scilieet.
933 3771 972 3823 At
979 3773 1085 3837 Telephi
1096 3774 1199 3839 quidem
1210 3789 1318 3828 uxorem

258 3853 270 3876 v
288 3846 317 3892 ln
328 3859 426 3908 quoram
433 3845 551 3908 mare]
570 3846 616 3896 Ait
627 3847 750 3910 plurimo·
791 3847 940 3912 Astyoches
952 3857 1029 3901 voest
1048 3850 1169 3900 linatntlr.
1183 3851 1210 3900 iu
1220 3850 1319 3916 odyn.

225 3918 750 3982 laboreaingratiamtlraeeoromablier-
790 3931 817 3972 Λ.
848 3925 899 3974 Sed
912 3941 968 3976 earu
980 3926 1318 3988 Priamioororem,nonti·

225 3994 750 4060 culeexantlatoe,otabexeroplopanio
791 4001 849 4048 lium
861 4001 932 4050 dicit.
961 4001 1014 4050 Alii
1025 4001 1110 4050 verius
1119 4015 1176 4050 eom
1187 4002 1317 4052 hodiem

226 4068 430 4118 eraminmilitiae
449 4073 599 4122 societatem
618 4073 750 4136 pertrahe·
792 4081 893 4137 vocent,
919 4089 994 4138 quam
1016 4074 1113 4124 Priami
1135 4075 1213 4125 liliam
1236 4077 1317 4128 luisse

226 4149 275 4190 ret.
302 4143 353 4191 Sed
365 4158 411 4194 cur
422 4159 472 4193 non
485 4146 567 4208 potine
580 4148 640 4208 ista,
650 4146 750 4197 scilicet
790 4163 879 4199 omues
889 4149 1059 4200 consentiunt.
