<?xml version="1.0" encoding="UTF-8"?>
<!DOCTYPE html PUBLIC "-//W3C//DTD XHTML 1.0 Transitional//EN"
    "http://www.w3.org/TR/xhtml1/DTD/xhtml1-transitional.dtd">
<html xmlns="http://www.w3.org/1999/xhtml" xml:lang="en" lang="en">
 <head>
  <title>
</title>
<meta http-equiv="Content-Type" content="text/html;charset=utf-8" />
  <meta name='ocr-system' content='tesseract 3.04.00' />
  <meta name='ocr-capabilities' content='ocr_page ocr_carea ocr_par ocr_line ocrx_word'/>
</head>
<body>
  <div class='ocr_page' id='page_1' title='image "./dictyscretensis00josegoog/dictyscretensis00josegoog_0533.png"; bbox 0 0 2959 4875; ppageno 0'>
   <div class='ocr_carea' id='block_1_1' title="bbox 442 371 1249 451">
    <p class='ocr_par' dir='ltr' id='par_1_1' title="bbox 442 371 1249 451">
     <span class='ocr_line' id='line_1_1' title="bbox 442 371 1249 451; baseline 0.025 -19"><span class='ocrx_word' id='word_1_1' title='bbox 442 383 490 433; x_wconf 83' lang='lat' dir='ltr'><strong>nu</strong></span> <span class='ocrx_word' id='word_1_2' title='bbox 514 385 635 436; x_wconf 76' lang='lat' dir='ltr'><strong>nunno</strong></span> <span class='ocrx_word' id='word_1_3' title='bbox 658 387 830 440; x_wconf 82' lang='lat' dir='ltr'><strong>rnorruo</strong></span> <span class='ocrx_word' id='word_1_4' title='bbox 855 394 925 445; x_wconf 83' lang='lat' dir='ltr'><strong>nm.</strong></span> <span class='ocrx_word' id='word_1_5' title='bbox 948 397 983 444; x_wconf 86' lang='lat' dir='ltr'><strong>v.</strong></span> <span class='ocrx_word' id='word_1_6' title='bbox 1181 371 1249 451; x_wconf 79' lang='lat'><strong>50⁵</strong></span> 
     </span>
    </p>
   </div>
   <div class='ocr_carea' id='block_1_2' title="bbox 156 519 1249 1213">
    <p class='ocr_par' dir='ltr' id='par_1_2' title="bbox 156 519 1249 1213">
     <span class='ocr_line' id='line_1_2' title="bbox 161 519 1003 617; baseline 0.024 -33"><span class='ocrx_word' id='word_1_7' title='bbox 161 519 259 586; x_wconf 86' lang='lat' dir='ltr'><strong>Nune</strong></span> <span class='ocrx_word' id='word_1_8' title='bbox 273 531 377 605; x_wconf 80' lang='lat' dir='ltr'><strong>ceput</strong></span> <span class='ocrx_word' id='word_1_9' title='bbox 391 524 550 610; x_wconf 78' lang='lat' dir='ltr'><strong>immergit</strong></span> <span class='ocrx_word' id='word_1_10' title='bbox 564 529 696 612; x_wconf 80' lang='lat' dir='ltr'><strong>pelago,</strong></span> <span class='ocrx_word' id='word_1_11' title='bbox 712 534 875 617; x_wconf 82' lang='lat' dir='ltr'><strong>vorioque</strong></span> <span class='ocrx_word' id='word_1_12' title='bbox 887 539 1003 604; x_wconf 90' lang='lat' dir='ltr'><strong>timore</strong></span> 
     </span>
     <span class='ocr_line' id='line_1_3' title="bbox 162 619 984 715; baseline 0.026 -32"><span class='ocrx_word' id='word_1_13' title='bbox 162 619 228 686; x_wconf 85' lang='lat' dir='ltr'><strong>Aut</strong></span> <span class='ocrx_word' id='word_1_14' title='bbox 240 623 358 706; x_wconf 83' lang='lat' dir='ltr'><strong>longor</strong></span> <span class='ocrx_word' id='word_1_15' title='bbox 373 625 524 705; x_wconf 77' lang='lat' dir='ltr'><strong>haustus,</strong></span> <span class='ocrx_word' id='word_1_16' title='bbox 541 635 597 693; x_wconf 85' lang='lat' dir='ltr'><strong>eut</strong></span> <span class='ocrx_word' id='word_1_17' title='bbox 612 630 682 696; x_wconf 83' lang='lat' dir='ltr'><strong>tole</strong></span> <span class='ocrx_word' id='word_1_18' title='bbox 695 637 877 715; x_wconf 77' lang='lat' dir='ltr'><strong>prementia</strong></span> <span class='ocrx_word' id='word_1_19' title='bbox 891 638 984 704; x_wconf 78' lang='lat' dir='ltr'><strong>vitet.</strong></span> 
     </span>
     <span class='ocr_line' id='line_1_4' title="bbox 158 721 1249 820; baseline 0.021 -37"><span class='ocrx_word' id='word_1_20' title='bbox 158 721 306 786; x_wconf 81' lang='lat' dir='ltr'><strong>Tandem</strong></span> <span class='ocrx_word' id='word_1_21' title='bbox 322 724 398 789; x_wconf 89' lang='lat' dir='ltr'><strong>dum</strong></span> <span class='ocrx_word' id='word_1_22' title='bbox 413 727 536 793; x_wconf 86' lang='lat' dir='ltr'><strong>duetus</strong></span> <span class='ocrx_word' id='word_1_23' title='bbox 550 731 680 810; x_wconf 83' lang='lat' dir='ltr'><strong>gravior</strong></span> <span class='ocrx_word' id='word_1_24' title='bbox 693 733 832 799; x_wconf 82' lang='lat' dir='ltr'><strong>rimetur</strong></span> <span class='ocrx_word' id='word_1_25' title='bbox 845 757 987 820; x_wconf 82' lang='lat' dir='ltr'><strong>opacos,</strong></span> <span class='ocrx_word' id='word_1_26' title='bbox 1182 744 1249 808; x_wconf 75' lang='lat'><strong>175</strong></span> 
     </span>
     <span class='ocr_line' id='line_1_5' title="bbox 158 819 981 919; baseline 0.024 -35"><span class='ocrx_word' id='word_1_27' title='bbox 158 819 277 889; x_wconf 85' lang='lat' dir='ltr'><strong>Incidit</strong></span> <span class='ocrx_word' id='word_1_28' title='bbox 291 826 325 888; x_wconf 86' lang='lat' dir='ltr'><strong>in</strong></span> <span class='ocrx_word' id='word_1_29' title='bbox 339 846 483 911; x_wconf 85' lang='lat' dir='ltr'><strong>puppes,</strong></span> <span class='ocrx_word' id='word_1_30' title='bbox 499 829 707 916; x_wconf 80' lang='lat' dir='ltr'><strong>frontemque</strong></span> <span class='ocrx_word' id='word_1_31' title='bbox 721 835 865 919; x_wconf 86' lang='lat' dir='ltr'><strong>infigitur</strong></span> <span class='ocrx_word' id='word_1_32' title='bbox 877 841 981 906; x_wconf 78' lang='lat' dir='ltr'><strong>odeis.</strong></span> 
     </span>
     <span class='ocr_line' id='line_1_6' title="bbox 200 921 1047 1016; baseline 0.025 -28"><span class='ocrx_word' id='word_1_33' title='bbox 200 921 318 990; x_wconf 83' lang='lat' dir='ltr'><strong>Acrius</strong></span> <span class='ocrx_word' id='word_1_34' title='bbox 333 929 529 996; x_wconf 88' lang='lat' dir='ltr'><strong>incumbunt</strong></span> <span class='ocrx_word' id='word_1_35' title='bbox 542 930 690 1016; x_wconf 84' lang='lat' dir='ltr'><strong>Phrygii,</strong></span> <span class='ocrx_word' id='word_1_36' title='bbox 707 946 823 1003; x_wconf 78' lang='lat' dir='ltr'><strong>eontra</strong></span> <span class='ocrx_word' id='word_1_37' title='bbox 835 941 886 1004; x_wconf 85' lang='lat' dir='ltr'><strong>ire</strong></span> <span class='ocrx_word' id='word_1_38' title='bbox 899 941 1047 1008; x_wconf 79' lang='lat' dir='ltr'><strong>furentes</strong></span> 
     </span>
     <span class='ocr_line' id='line_1_7' title="bbox 156 1025 1046 1125; baseline 0.024 -37"><span class='ocrx_word' id='word_1_39' title='bbox 156 1025 202 1089; x_wconf 85' lang='lat' dir='ltr'><strong>Et</strong></span> <span class='ocrx_word' id='word_1_40' title='bbox 215 1027 323 1109; x_wconf 89' lang='lat' dir='ltr'><strong>pudor</strong></span> <span class='ocrx_word' id='word_1_41' title='bbox 337 1029 516 1112; x_wconf 77' lang='lat' dir='ltr'><strong>Argolicos</strong></span> <span class='ocrx_word' id='word_1_42' title='bbox 531 1039 650 1110; x_wconf 76' lang='lat' dir='ltr'><strong>mmet,</strong></span> <span class='ocrx_word' id='word_1_43' title='bbox 664 1054 751 1101; x_wconf 89' lang='lat' dir='ltr'><strong>nune</strong></span> <span class='ocrx_word' id='word_1_44' title='bbox 765 1039 880 1106; x_wconf 86' lang='lat' dir='ltr'><strong>littore</strong></span> <span class='ocrx_word' id='word_1_45' title='bbox 894 1044 1046 1125; x_wconf 87' lang='lat' dir='ltr'><strong>perdunt,</strong></span> 
     </span>
     <span class='ocr_line' id='line_1_8' title="bbox 156 1124 1124 1213; baseline 0.025 -24"><span class='ocrx_word' id='word_1_46' title='bbox 156 1124 257 1191; x_wconf 86' lang='lat' dir='ltr'><strong>Nune</strong></span> <span class='ocrx_word' id='word_1_47' title='bbox 271 1128 404 1194; x_wconf 81' lang='lat' dir='ltr'><strong>dubiam</strong></span> <span class='ocrx_word' id='word_1_48' title='bbox 414 1132 583 1199; x_wconf 83' lang='lat' dir='ltr'><strong>lucrentur</strong></span> <span class='ocrx_word' id='word_1_49' title='bbox 596 1134 730 1202; x_wconf 87' lang='lat' dir='ltr'><strong>humum</strong></span> <span class='ocrx_word' id='word_1_50' title='bbox 744 1158 753 1202; x_wconf 93' lang='lat'><strong>:</strong></span> <span class='ocrx_word' id='word_1_51' title='bbox 775 1141 859 1206; x_wconf 84' lang='lat' dir='ltr'><strong>bibit</strong></span> <span class='ocrx_word' id='word_1_52' title='bbox 873 1143 962 1209; x_wconf 85' lang='lat' dir='ltr'><strong>uude</strong></span> <span class='ocrx_word' id='word_1_53' title='bbox 975 1164 1124 1213; x_wconf 84' lang='lat' dir='ltr'><strong>cruorem</strong></span> 
     </span>
    </p>
   </div>
   <div class='ocr_carea' id='block_1_3' title="bbox 156 1224 1243 1428">
    <p class='ocr_par' dir='ltr' id='par_1_3' title="bbox 156 1224 1243 1428">
     <span class='ocr_line' id='line_1_9' title="bbox 157 1224 1243 1327; baseline 0.024 -37"><span class='ocrx_word' id='word_1_54' title='bbox 157 1224 349 1293; x_wconf 81' lang='lat' dir='ltr'><strong>Alternum:</strong></span> <span class='ocrx_word' id='word_1_55' title='bbox 372 1239 406 1296; x_wconf 86' lang='lat' dir='ltr'><strong>et</strong></span> <span class='ocrx_word' id='word_1_56' title='bbox 422 1232 569 1317; x_wconf 88' lang='lat' dir='ltr'><strong>Phrygio</strong></span> <span class='ocrx_word' id='word_1_57' title='bbox 578 1235 719 1302; x_wconf 73' lang='lat' dir='ltr'><strong>Gemens</strong></span> <span class='ocrx_word' id='word_1_58' title='bbox 734 1243 864 1307; x_wconf 80' lang='lat' dir='ltr'><strong>meiere</strong></span> <span class='ocrx_word' id='word_1_59' title='bbox 878 1247 1037 1327; x_wconf 83' lang='lat' dir='ltr'><strong>superbit.</strong></span> <span class='ocrx_word' id='word_1_60' title='bbox 1179 1246 1243 1315; x_wconf 84' lang='grc'><strong>180</strong></span> 
     </span>
     <span class='ocr_line' id='line_1_10' title="bbox 156 1326 1019 1428; baseline 0.027 -39"><span class='ocrx_word' id='word_1_61' title='bbox 156 1326 289 1393; x_wconf 86' lang='lat' dir='ltr'><strong>Emieut</strong></span> <span class='ocrx_word' id='word_1_62' title='bbox 302 1331 499 1398; x_wconf 87' lang='lat' dir='ltr'><strong>immodicus</strong></span> <span class='ocrx_word' id='word_1_63' title='bbox 513 1335 626 1414; x_wconf 83' lang='lat' dir='ltr'><strong>enimi,</strong></span> <span class='ocrx_word' id='word_1_64' title='bbox 641 1347 860 1425; x_wconf 81' lang='lat' dir='ltr'><strong>metuensque</strong></span> <span class='ocrx_word' id='word_1_65' title='bbox 874 1346 1019 1428; x_wconf 87' lang='lat' dir='ltr'><strong>priorem</strong></span> 
     </span>
    </p>
   </div>
   <div class='ocr_carea' id='block_1_4' title="bbox 156 1426 998 1528">
    <p class='ocr_par' dir='ltr' id='par_1_4' title="bbox 156 1426 998 1528">
     <span class='ocr_line' id='line_1_11' title="bbox 156 1426 998 1528; baseline 0.025 -38"><span class='ocrx_word' id='word_1_66' title='bbox 156 1426 259 1492; x_wconf 87' lang='lat' dir='ltr'><strong>Solus</strong></span> <span class='ocrx_word' id='word_1_67' title='bbox 273 1431 309 1494; x_wconf 90' lang='lat' dir='ltr'><strong>in</strong></span> <span class='ocrx_word' id='word_1_68' title='bbox 324 1439 509 1498; x_wconf 88' lang='lat' dir='ltr'><strong>extremum</strong></span> <span class='ocrx_word' id='word_1_69' title='bbox 517 1435 658 1520; x_wconf 76' lang='lat' dir='ltr'><strong>jamjam</strong></span> <span class='ocrx_word' id='word_1_70' title='bbox 673 1450 869 1525; x_wconf 78' lang='lat' dir='ltr'><strong>proruperat</strong></span> <span class='ocrx_word' id='word_1_71' title='bbox 883 1465 998 1528; x_wconf 77' lang='lat' dir='ltr'><strong>agmen</strong></span> 
     </span>
    </p>
   </div>
   <div class='ocr_carea' id='block_1_5' title="bbox 153 1526 1133 1731">
    <p class='ocr_par' dir='ltr' id='par_1_5' title="bbox 153 1526 1133 1731">
     <span class='ocr_line' id='line_1_12' title="bbox 153 1526 1133 1626; baseline 0.024 -35"><span class='ocrx_word' id='word_1_72' title='bbox 153 1526 322 1596; x_wconf 83' lang='lat' dir='ltr'><strong>Turbidus</strong></span> <span class='ocrx_word' id='word_1_73' title='bbox 338 1533 566 1618; x_wconf 87' lang='lat' dir='ltr'><strong>Hysipbides:</strong></span> <span class='ocrx_word' id='word_1_74' title='bbox 582 1541 745 1624; x_wconf 91' lang='lat' dir='ltr'><strong>populum</strong></span> <span class='ocrx_word' id='word_1_75' title='bbox 761 1563 846 1626; x_wconf 81' lang='lat' dir='ltr'><strong>uage</strong></span> <span class='ocrx_word' id='word_1_76' title='bbox 863 1549 963 1612; x_wconf 84' lang='lat' dir='ltr'><strong>turbu</strong></span> <span class='ocrx_word' id='word_1_77' title='bbox 978 1554 1133 1614; x_wconf 81' lang='lat' dir='ltr'><strong>secutum</strong></span> 
     </span>
     <span class='ocr_line' id='line_1_13' title="bbox 155 1623 1031 1731; baseline 0.021 -40"><span class='ocrx_word' id='word_1_78' title='bbox 155 1623 238 1692; x_wconf 89' lang='lat' dir='ltr'><strong>Non</strong></span> <span class='ocrx_word' id='word_1_79' title='bbox 252 1649 351 1697; x_wconf 81' lang='lat' dir='ltr'><strong>unum</strong></span> <span class='ocrx_word' id='word_1_80' title='bbox 367 1636 487 1700; x_wconf 74' lang='lat' dir='ltr'><strong>saevire</strong></span> <span class='ocrx_word' id='word_1_81' title='bbox 502 1655 637 1702; x_wconf 82' lang='lat' dir='ltr'><strong>menum</strong></span> <span class='ocrx_word' id='word_1_82' title='bbox 653 1640 827 1726; x_wconf 83' lang='lat' dir='ltr'><strong>creditque</strong></span> <span class='ocrx_word' id='word_1_83' title='bbox 842 1653 1031 1731; x_wconf 77' lang='lat' dir='ltr'><strong>pavetquer</strong></span> 
     </span>
    </p>
   </div>
   <div class='ocr_carea' id='block_1_6' title="bbox 154 1725 1243 1925">
    <p class='ocr_par' dir='ltr' id='par_1_6' title="bbox 154 1725 1243 1925">
     <span class='ocr_line' id='line_1_14' title="bbox 154 1725 1243 1834; baseline 0.024 -42"><span class='ocrx_word' id='word_1_84' title='bbox 154 1725 225 1793; x_wconf 84' lang='lat' dir='ltr'><strong>Ceu</strong></span> <span class='ocrx_word' id='word_1_85' title='bbox 238 1729 333 1798; x_wconf 84' lang='lat' dir='ltr'><strong>Mers</strong></span> <span class='ocrx_word' id='word_1_86' title='bbox 348 1734 420 1818; x_wconf 85' lang='lat' dir='ltr'><strong>ipse</strong></span> <span class='ocrx_word' id='word_1_87' title='bbox 434 1738 570 1820; x_wconf 88' lang='lat' dir='ltr'><strong>premit:</strong></span> <span class='ocrx_word' id='word_1_88' title='bbox 593 1739 684 1806; x_wconf 83' lang='lat' dir='ltr'><strong>ecies</strong></span> <span class='ocrx_word' id='word_1_89' title='bbox 700 1752 891 1827; x_wconf 83' lang='lat' dir='ltr'><strong>praeveetus</strong></span> <span class='ocrx_word' id='word_1_90' title='bbox 906 1755 1066 1834; x_wconf 84' lang='lat' dir='ltr'><strong>utresque</strong></span> <span class='ocrx_word' id='word_1_91' title='bbox 1178 1750 1243 1817; x_wconf 81' lang='lat'><strong>185</strong></span> 
     </span>
     <span class='ocr_line' id='line_1_15' title="bbox 154 1829 933 1925; baseline 0.026 -32"><span class='ocrx_word' id='word_1_92' title='bbox 154 1829 325 1914; x_wconf 84' lang='lat' dir='ltr'><strong>Liquerut,</strong></span> <span class='ocrx_word' id='word_1_93' title='bbox 342 1834 544 1919; x_wconf 82' lang='lat' dir='ltr'><strong>erdebetque</strong></span> <span class='ocrx_word' id='word_1_94' title='bbox 558 1858 653 1906; x_wconf 82' lang='lat' dir='ltr'><strong>arces</strong></span> <span class='ocrx_word' id='word_1_95' title='bbox 667 1844 810 1925; x_wconf 81' lang='lat' dir='ltr'><strong>caluere,</strong></span> <span class='ocrx_word' id='word_1_96' title='bbox 826 1847 933 1912; x_wconf 89' lang='lat' dir='ltr'><strong>relicti</strong></span> 
     </span>
    </p>
   </div>
   <div class='ocr_carea' id='block_1_7' title="bbox 152 1933 1227 2238">
    <p class='ocr_par' dir='ltr' id='par_1_7' title="bbox 152 1933 1227 2238">
     <span class='ocr_line' id='line_1_16' title="bbox 152 1933 975 2015; baseline 0.024 -19"><span class='ocrx_word' id='word_1_97' title='bbox 152 1933 345 1999; x_wconf 75' lang='lat' dir='ltr'><strong>contemtor</strong></span> <span class='ocrx_word' id='word_1_98' title='bbox 358 1935 452 2015; x_wconf 88' lang='lat' dir='ltr'><strong>belli,</strong></span> <span class='ocrx_word' id='word_1_99' title='bbox 467 1939 528 2002; x_wconf 87' lang='lat' dir='ltr'><strong>sed</strong></span> <span class='ocrx_word' id='word_1_100' title='bbox 544 1942 666 2009; x_wconf 79' lang='lat' dir='ltr'><strong>anbelo</strong></span> <span class='ocrx_word' id='word_1_101' title='bbox 680 1943 830 2011; x_wconf 80' lang='lat' dir='ltr'><strong>fervidus</strong></span> <span class='ocrx_word' id='word_1_102' title='bbox 846 1949 975 2015; x_wconf 84' lang='lat' dir='ltr'><strong>Hector</strong></span> 
     </span>
     <span class='ocr_line' id='line_1_17' title="bbox 154 2031 1227 2136; baseline 0.024 -40"><span class='ocrx_word' id='word_1_103' title='bbox 154 2031 334 2116; x_wconf 88' lang='lat' dir='ltr'><strong>Objicitur:</strong></span> <span class='ocrx_word' id='word_1_104' title='bbox 358 2034 514 2114; x_wconf 81' lang='lat' dir='ltr'><strong>Quonam</strong></span> <span class='ocrx_word' id='word_1_105' title='bbox 527 2045 659 2127; x_wconf 89' lang='lat' dir='ltr'><strong>usquel</strong></span> <span class='ocrx_word' id='word_1_106' title='bbox 682 2045 737 2111; x_wconf 88' lang='lat' dir='ltr'><strong>bie</strong></span> <span class='ocrx_word' id='word_1_107' title='bbox 751 2050 920 2130; x_wconf 85' lang='lat' dir='ltr'><strong>terminus,</strong></span> <span class='ocrx_word' id='word_1_108' title='bbox 935 2053 1054 2136; x_wconf 86' lang='lat' dir='ltr'><strong>inquit,</strong></span> <span class='ocrx_word' id='word_1_109' title='bbox 1064 2058 1098 2119; x_wconf 91' lang='lat' dir='ltr'><strong>et</strong></span> <span class='ocrx_word' id='word_1_110' title='bbox 1112 2073 1227 2122; x_wconf 88' lang='lat' dir='ltr'><strong>ensem</strong></span> 
     </span>
     <span class='ocr_line' id='line_1_18' title="bbox 154 2133 980 2238; baseline 0.024 -39"><span class='ocrx_word' id='word_1_111' title='bbox 154 2133 271 2201; x_wconf 82' lang='lat' dir='ltr'><strong>Nudet</strong></span> <span class='ocrx_word' id='word_1_112' title='bbox 285 2145 397 2218; x_wconf 82' lang='lat' dir='ltr'><strong>atrox,</strong></span> <span class='ocrx_word' id='word_1_113' title='bbox 412 2158 598 2226; x_wconf 85' lang='lat' dir='ltr'><strong>conumque</strong></span> <span class='ocrx_word' id='word_1_114' title='bbox 612 2147 694 2212; x_wconf 89' lang='lat' dir='ltr'><strong>nihil</strong></span> <span class='ocrx_word' id='word_1_115' title='bbox 708 2154 836 2216; x_wconf 78' lang='lat' dir='ltr'><strong>tutante</strong></span> <span class='ocrx_word' id='word_1_116' title='bbox 849 2172 980 2238; x_wconf 83' lang='lat' dir='ltr'><strong>pyropo</strong></span> 
     </span>
    </p>
   </div>
   <div class='ocr_carea' id='block_1_8' title="bbox 185 2385 954 2464">
    <p class='ocr_par' dir='ltr' id='par_1_8' title="bbox 185 2385 954 2464">
     <span class='ocr_line' id='line_1_19' title="bbox 185 2385 954 2464; baseline 0.025 -31"><span class='ocrx_word' id='word_1_117' title='bbox 185 2386 231 2434; x_wconf 84' lang='grc'><strong>184</strong></span> <span class='ocrx_word' id='word_1_118' title='bbox 249 2385 377 2450; x_wconf 73' lang='lat' dir='ltr'><strong>Pueetgue,</strong></span> <span class='ocrx_word' id='word_1_119' title='bbox 390 2387 440 2438; x_wconf 82' lang='lat' dir='ltr'><strong>Ceu</strong></span> <span class='ocrx_word' id='word_1_120' title='bbox 450 2387 488 2439; x_wconf 80' lang='grc' dir='ltr'><strong>Μ.</strong></span> <span class='ocrx_word' id='word_1_121' title='bbox 500 2389 619 2453; x_wconf 66' lang='lat' dir='ltr'><strong>ipremut</strong></span> <span class='ocrx_word' id='word_1_122' title='bbox 630 2391 699 2444; x_wconf 80' lang='lat' dir='ltr'><strong>Edd.</strong></span> <span class='ocrx_word' id='word_1_123' title='bbox 709 2393 776 2447; x_wconf 81' lang='lat' dir='ltr'><strong>Mor.</strong></span> <span class='ocrx_word' id='word_1_124' title='bbox 787 2403 815 2448; x_wconf 88' lang='lat' dir='ltr'><strong>et</strong></span> <span class='ocrx_word' id='word_1_125' title='bbox 825 2396 954 2464; x_wconf 78' lang='lat' dir='ltr'><strong>Sponden.</strong></span> 
     </span>
    </p>
   </div>
   <div class='ocr_carea' id='block_1_9' title="bbox 639 2506 750 2558">
    <p class='ocr_par' dir='ltr' id='par_1_9' title="bbox 639 2506 750 2558">
     <span class='ocr_line' id='line_1_20' title="bbox 639 2506 750 2558; baseline 0.027 -2"><span class='ocrx_word' id='word_1_126' title='bbox 639 2506 750 2558; x_wconf 69' lang='lat' dir='ltr'><strong>Nom</strong></span> 
     </span>
    </p>
   </div>
   <div class='ocr_carea' id='block_1_10' title="bbox 144 2596 1242 4261">
    <p class='ocr_par' dir='ltr' id='par_1_10' title="bbox 146 2596 1242 3202">
     <span class='ocr_line' id='line_1_21' title="bbox 181 2596 1241 2678; baseline 0.018 -33"><span class='ocrx_word' id='word_1_127' title='bbox 181 2599 230 2645; x_wconf 84' lang='grc'><strong>178</strong></span> <span class='ocrx_word' id='word_1_128' title='bbox 245 2596 401 2663; x_wconf 65' lang='lat' dir='ltr'><strong>Frontem</strong></span> <span class='ocrx_word' id='word_1_129' title='bbox 415 2600 526 2665; x_wconf 74' lang='lat' dir='ltr'><strong>infigitur</strong></span> <span class='ocrx_word' id='word_1_130' title='bbox 536 2600 615 2665; x_wconf 70' lang='lat' dir='ltr'><strong>meir]</strong></span> <span class='ocrx_word' id='word_1_131' title='bbox 631 2600 673 2651; x_wconf 76' lang='lat' dir='ltr'><strong>Ad</strong></span> <span class='ocrx_word' id='word_1_132' title='bbox 714 2604 818 2663; x_wconf 83' lang='lat' dir='ltr'><strong>ruetiee,</strong></span> <span class='ocrx_word' id='word_1_133' title='bbox 828 2606 951 2671; x_wconf 85' lang='lat' dir='ltr'><strong>loquitor,</strong></span> <span class='ocrx_word' id='word_1_134' title='bbox 967 2612 1241 2678; x_wconf 80' lang='lat' dir='ltr'><strong>‘remeenteiuregine</strong></span> 
     </span>
     <span class='ocr_line' id='line_1_22' title="bbox 147 2670 1242 2752; baseline 0.02 -33"><span class='ocrx_word' id='word_1_135' title='bbox 147 2670 285 2735; x_wconf 75' lang='lat' dir='ltr'><strong>imaginem</strong></span> <span class='ocrx_word' id='word_1_136' title='bbox 296 2671 393 2723; x_wconf 86' lang='lat' dir='ltr'><strong>Pboeei</strong></span> <span class='ocrx_word' id='word_1_137' title='bbox 408 2674 477 2739; x_wconf 83' lang='lat' dir='ltr'><strong>epod</strong></span> <span class='ocrx_word' id='word_1_138' title='bbox 490 2675 617 2725; x_wconf 78' lang='lat' dir='ltr'><strong>Lueeuum</strong></span> <span class='ocrx_word' id='word_1_139' title='bbox 630 2690 674 2727; x_wconf 85' lang='grc' dir='ltr'>ιιι.</span> <span class='ocrx_word' id='word_1_140' title='bbox 713 2676 815 2740; x_wconf 76' lang='lat' dir='ltr'><strong>tingitr&#39;</strong></span> <span class='ocrx_word' id='word_1_141' title='bbox 831 2680 927 2731; x_wconf 70' lang='lat' dir='ltr'><strong>romeu</strong></span> <span class='ocrx_word' id='word_1_142' title='bbox 946 2682 979 2733; x_wconf 83' lang='lat' dir='ltr'><strong>ed</strong></span> <span class='ocrx_word' id='word_1_143' title='bbox 1002 2684 1169 2737; x_wconf 84' lang='lat' dir='ltr'><strong>imitetlenem</strong></span> <span class='ocrx_word' id='word_1_144' title='bbox 1183 2691 1242 2752; x_wconf 80' lang='lat' dir='ltr'><strong>rogt</strong></span> 
     </span>
     <span class='ocr_line' id='line_1_23' title="bbox 148 2746 1242 2828; baseline 0.019 -34"><span class='ocrx_word' id='word_1_145' title='bbox 148 2748 206 2796; x_wconf 82' lang='grc'><strong>784.</strong></span> <span class='ocrx_word' id='word_1_146' title='bbox 227 2746 384 2811; x_wconf 81' lang='lat' dir='ltr'><strong>‘Puppibus</strong></span> <span class='ocrx_word' id='word_1_147' title='bbox 404 2749 548 2799; x_wconf 75' lang='lat' dir='ltr'><strong>oeeurritz&#39;</strong></span> <span class='ocrx_word' id='word_1_148' title='bbox 569 2749 674 2813; x_wconf 74' lang='lat' dir='ltr'><strong>Noster,</strong></span> <span class='ocrx_word' id='word_1_149' title='bbox 712 2752 835 2811; x_wconf 67' lang='lat' dir='ltr'><strong>ubemur,</strong></span> <span class='ocrx_word' id='word_1_150' title='bbox 855 2754 888 2805; x_wconf 85' lang='lat' dir='ltr'><strong>de</strong></span> <span class='ocrx_word' id='word_1_151' title='bbox 906 2770 958 2823; x_wconf 84' lang='lat' dir='ltr'><strong>quo</strong></span> <span class='ocrx_word' id='word_1_152' title='bbox 979 2757 1098 2809; x_wconf 82' lang='lat' dir='ltr'><strong>Lueeum</strong></span> <span class='ocrx_word' id='word_1_153' title='bbox 1113 2767 1142 2811; x_wconf 92' lang='lat' dir='ltr'><strong>et</strong></span> <span class='ocrx_word' id='word_1_154' title='bbox 1161 2762 1242 2828; x_wconf 81' lang='lat' dir='ltr'><strong>Pupi·</strong></span> 
     </span>
     <span class='ocr_line' id='line_1_24' title="bbox 147 2822 1240 2893; baseline 0.018 -22"><span class='ocrx_word' id='word_1_155' title='bbox 147 2822 263 2873; x_wconf 77' lang='lat' dir='ltr'><strong>‘inuidit</strong></span> <span class='ocrx_word' id='word_1_156' title='bbox 271 2824 298 2874; x_wconf 91' lang='lat' dir='ltr'><strong>iu</strong></span> <span class='ocrx_word' id='word_1_157' title='bbox 310 2825 427 2891; x_wconf 70' lang='lat' dir='ltr'><strong>puppes!</strong></span> <span class='ocrx_word' id='word_1_158' title='bbox 441 2826 543 2877; x_wconf 87' lang='lat' dir='ltr'><strong>Uneum</strong></span> <span class='ocrx_word' id='word_1_159' title='bbox 555 2839 616 2876; x_wconf 84' lang='lat' dir='ltr'><strong>vero</strong></span> <span class='ocrx_word' id='word_1_160' title='bbox 626 2840 673 2891; x_wconf 88' lang='lat' dir='ltr'><strong>pro</strong></span> <span class='ocrx_word' id='word_1_161' title='bbox 713 2828 779 2881; x_wconf 85' lang='lat' dir='ltr'><strong>niue.</strong></span> <span class='ocrx_word' id='word_1_162' title='bbox 811 2829 880 2881; x_wconf 82' lang='lat' dir='ltr'><strong>Vide</strong></span> <span class='ocrx_word' id='word_1_163' title='bbox 897 2832 989 2884; x_wconf 84' lang='lat' dir='ltr'><strong>rimille</strong></span> <span class='ocrx_word' id='word_1_164' title='bbox 1010 2836 1088 2886; x_wconf 81' lang='lat' dir='ltr'><strong>etiem</strong></span> <span class='ocrx_word' id='word_1_165' title='bbox 1105 2837 1132 2887; x_wconf 83' lang='lat' dir='ltr'><strong>iu</strong></span> <span class='ocrx_word' id='word_1_166' title='bbox 1150 2838 1240 2893; x_wconf 73' lang='lat' dir='ltr'><strong>eribus</strong></span> 
     </span>
     <span class='ocr_line' id='line_1_25' title="bbox 148 2897 1241 2969; baseline 0.016 -22"><span class='ocrx_word' id='word_1_167' title='bbox 148 2897 224 2948; x_wconf 82' lang='lat' dir='ltr'><strong>humo</strong></span> <span class='ocrx_word' id='word_1_168' title='bbox 246 2897 346 2951; x_wconf 74' lang='lat' dir='ltr'><strong>edunto</strong></span> <span class='ocrx_word' id='word_1_169' title='bbox 366 2909 394 2951; x_wconf 89' lang='lat' dir='ltr'><strong>et</strong></span> <span class='ocrx_word' id='word_1_170' title='bbox 412 2902 518 2952; x_wconf 83' lang='lat' dir='ltr'><strong>iueurvo</strong></span> <span class='ocrx_word' id='word_1_171' title='bbox 536 2902 622 2961; x_wconf 80' lang='lat' dir='ltr'><strong>remit,</strong></span> <span class='ocrx_word' id='word_1_172' title='bbox 643 2911 673 2953; x_wconf 85' lang='lat' dir='ltr'><strong>ut</strong></span> <span class='ocrx_word' id='word_1_173' title='bbox 713 2904 782 2966; x_wconf 86' lang='lat' dir='ltr'><strong>odie,</strong></span> <span class='ocrx_word' id='word_1_174' title='bbox 808 2920 866 2969; x_wconf 77' lang='lat' dir='ltr'><strong>que</strong></span> <span class='ocrx_word' id='word_1_175' title='bbox 893 2907 919 2957; x_wconf 90' lang='grc' dir='ltr'><strong>ἰιι</strong></span> <span class='ocrx_word' id='word_1_176' title='bbox 947 2908 1075 2960; x_wconf 85' lang='lat' dir='ltr'><strong>Berberoe</strong></span> <span class='ocrx_word' id='word_1_177' title='bbox 1098 2911 1241 2968; x_wconf 81' lang='lat' dir='ltr'><strong>incurrunt.</strong></span> 
     </span>
     <span class='ocr_line' id='line_1_26' title="bbox 146 2964 1240 3051; baseline 0.016 -27"><span class='ocrx_word' id='word_1_178' title='bbox 146 2974 209 3025; x_wconf 89' lang='lat' dir='ltr'><strong>inibi</strong></span> <span class='ocrx_word' id='word_1_179' title='bbox 219 2964 352 3027; x_wconf 72' lang='lat' dir='ltr'><strong>dueum:</strong></span> <span class='ocrx_word' id='word_1_180' title='bbox 365 2978 418 3029; x_wconf 78' lang='lat' dir='ltr'><strong>‘Et</strong></span> <span class='ocrx_word' id='word_1_181' title='bbox 430 2978 505 3029; x_wconf 82' lang='lat' dir='ltr'><strong>nimiu</strong></span> <span class='ocrx_word' id='word_1_182' title='bbox 516 2976 604 3030; x_wconf 79' lang='lat' dir='ltr'><strong>uffixor</strong></span> <span class='ocrx_word' id='word_1_183' title='bbox 614 2978 672 3030; x_wconf 85' lang='lat' dir='ltr'><strong>unul</strong></span> <span class='ocrx_word' id='word_1_184' title='bbox 713 2979 816 3031; x_wconf 71' lang='lat' dir='ltr'><strong>Groeeir</strong></span> <span class='ocrx_word' id='word_1_185' title='bbox 835 2982 1012 3049; x_wconf 85' lang='lat' dir='ltr'><strong>blendiuntur,</strong></span> <span class='ocrx_word' id='word_1_186' title='bbox 1026 2987 1096 3051; x_wconf 88' lang='lat' dir='ltr'><strong>epod</strong></span> <span class='ocrx_word' id='word_1_187' title='bbox 1113 2987 1240 3043; x_wconf 76' lang='lat' dir='ltr'><strong>Aristote-</strong></span> 
     </span>
     <span class='ocr_line' id='line_1_27' title="bbox 147 3052 1241 3133; baseline 0.016 -34"><span class='ocrx_word' id='word_1_188' title='bbox 147 3052 293 3103; x_wconf 85' lang='lat' dir='ltr'><strong>eonrellere</strong></span> <span class='ocrx_word' id='word_1_189' title='bbox 309 3052 425 3106; x_wconf 58' lang='lat' dir='ltr'><strong>moruus?</strong></span> <span class='ocrx_word' id='word_1_190' title='bbox 456 3054 551 3106; x_wconf 86' lang='lat' dir='ltr'><strong>Jureu.</strong></span> <span class='ocrx_word' id='word_1_191' title='bbox 570 3054 626 3107; x_wconf 82' lang='lat' dir='ltr'><strong>Set.</strong></span> <span class='ocrx_word' id='word_1_192' title='bbox 644 3068 672 3107; x_wconf 77' lang='lat' dir='ltr'><strong>x.</strong></span> <span class='ocrx_word' id='word_1_193' title='bbox 713 3056 764 3105; x_wconf 87' lang='lat' dir='ltr'><strong>lem</strong></span> <span class='ocrx_word' id='word_1_194' title='bbox 775 3056 984 3111; x_wconf 82' lang='lat' dir='ltr'><strong>iomlrebilibue:</strong></span> <span class='ocrx_word' id='word_1_195' title='bbox 1001 3062 1241 3133; x_wconf 79' lang='lat' dir='ltr'><strong>quibueeoojuuge,</strong></span> 
     </span>
     <span class='ocr_line' id='line_1_28' title="bbox 146 3126 1241 3202; baseline 0.016 -27"><span class='ocrx_word' id='word_1_196' title='bbox 146 3126 398 3192; x_wconf 80' lang='lat' dir='ltr'><strong>‘impeetoSejenur</strong></span> <span class='ocrx_word' id='word_1_197' title='bbox 409 3130 607 3182; x_wconf 64' lang='lat' dir='ltr'><strong>debiturum!</strong></span> <span class='ocrx_word' id='word_1_198' title='bbox 712 3143 771 3194; x_wconf 79' lang='lat' dir='ltr'><strong>que</strong></span> <span class='ocrx_word' id='word_1_199' title='bbox 787 3132 917 3184; x_wconf 80' lang='lat' dir='ltr'><strong>Meurriue</strong></span> <span class='ocrx_word' id='word_1_200' title='bbox 933 3135 965 3185; x_wconf 88' lang='lat' dir='ltr'><strong>ed</strong></span> <span class='ocrx_word' id='word_1_201' title='bbox 981 3136 1176 3202; x_wconf 78' lang='lat' dir='ltr'><strong>Lyeoplrroueru</strong></span> <span class='ocrx_word' id='word_1_202' title='bbox 1195 3155 1241 3193; x_wconf 85' lang='lat' dir='ltr'><strong>no·</strong></span> 
     </span>
    </p>

    <p class='ocr_par' dir='ltr' id='par_1_11' title="bbox 144 3200 1242 4028">
     <span class='ocr_line' id='line_1_29' title="bbox 180 3200 869 3271; baseline 0.012 -21"><span class='ocrx_word' id='word_1_203' title='bbox 180 3205 226 3251; x_wconf 93' lang='grc'><strong>177</strong></span> <span class='ocrx_word' id='word_1_204' title='bbox 242 3200 330 3254; x_wconf 77' lang='lat' dir='ltr'><strong>Acrius</strong></span> <span class='ocrx_word' id='word_1_205' title='bbox 340 3204 474 3255; x_wconf 67' lang='lat' dir='ltr'><strong>eumer</strong></span> <span class='ocrx_word' id='word_1_206' title='bbox 487 3206 604 3271; x_wconf 66' lang='lat' dir='ltr'><strong>Phrygii]</strong></span> <span class='ocrx_word' id='word_1_207' title='bbox 621 3208 671 3257; x_wconf 79' lang='lat' dir='ltr'><strong>Pe·</strong></span> <span class='ocrx_word' id='word_1_208' title='bbox 712 3212 763 3269; x_wconf 88' lang='lat' dir='ltr'><strong>tet,</strong></span> <span class='ocrx_word' id='word_1_209' title='bbox 775 3220 802 3270; x_wconf 87' lang='lat' dir='ltr'><strong>p.</strong></span> <span class='ocrx_word' id='word_1_210' title='bbox 810 3210 869 3258; x_wconf 77' lang='grc'><strong>111.</strong></span> 
     </span>
     <span class='ocr_line' id='line_1_30' title="bbox 146 3278 1242 3351; baseline 0.013 -24"><span class='ocrx_word' id='word_1_211' title='bbox 146 3278 247 3341; x_wconf 81' lang='lat' dir='ltr'><strong>pietur:</strong></span> <span class='ocrx_word' id='word_1_212' title='bbox 259 3278 518 3330; x_wconf 80' lang='lat' dir='ltr'><strong>‘Furtiueiueurrunt</strong></span> <span class='ocrx_word' id='word_1_213' title='bbox 529 3280 673 3345; x_wconf 82' lang='lat' dir='ltr'><strong>Tyrii,&#39;uu·</strong></span> <span class='ocrx_word' id='word_1_214' title='bbox 745 3283 793 3330; x_wconf 77' lang='grc'><strong>187</strong></span> <span class='ocrx_word' id='word_1_215' title='bbox 810 3280 928 3333; x_wconf 73' lang='lat' dir='ltr'><strong>lbrtidee</strong></span> <span class='ocrx_word' id='word_1_216' title='bbox 944 3284 1104 3351; x_wconf 67' lang='lat' dir='ltr'><strong>Hyeipb‘dee]</strong></span> <span class='ocrx_word' id='word_1_217' title='bbox 1126 3289 1242 3341; x_wconf 84' lang='lat' dir='ltr'><strong>Preteri-</strong></span> 
     </span>
     <span class='ocr_line' id='line_1_31' title="bbox 146 3354 1241 3422; baseline 0.01 -16"><span class='ocrx_word' id='word_1_218' title='bbox 146 3355 178 3406; x_wconf 88' lang='lat' dir='ltr'><strong>de</strong></span> <span class='ocrx_word' id='word_1_219' title='bbox 195 3354 273 3405; x_wconf 77' lang='lat' dir='ltr'><strong>Silius</strong></span> <span class='ocrx_word' id='word_1_220' title='bbox 290 3354 435 3407; x_wconf 77' lang='lat' dir='ltr'><strong>efformerit</strong></span> <span class='ocrx_word' id='word_1_221' title='bbox 452 3371 538 3407; x_wconf 72' lang='lat' dir='ltr'><strong>rmum</strong></span> <span class='ocrx_word' id='word_1_222' title='bbox 554 3370 602 3407; x_wconf 82' lang='lat' dir='ltr'><strong>xv.</strong></span> <span class='ocrx_word' id='word_1_223' title='bbox 619 3359 672 3411; x_wconf 76' lang='grc' dir='ltr'><strong>Ἀ·</strong></span> <span class='ocrx_word' id='word_1_224' title='bbox 711 3357 777 3407; x_wconf 82' lang='lat' dir='ltr'><strong>leue.</strong></span> <span class='ocrx_word' id='word_1_225' title='bbox 804 3358 977 3422; x_wconf 74' lang='grc' dir='ltr'>Ῥιοιειίίιὲ,</span> <span class='ocrx_word' id='word_1_226' title='bbox 988 3361 1037 3411; x_wconf 90' lang='lat' dir='ltr'><strong>tibi</strong></span> <span class='ocrx_word' id='word_1_227' title='bbox 1046 3376 1141 3419; x_wconf 81' lang='lat' dir='ltr'><strong>uueren</strong></span> <span class='ocrx_word' id='word_1_228' title='bbox 1151 3365 1189 3416; x_wconf 86' lang='lat' dir='ltr'><strong>eie</strong></span> <span class='ocrx_word' id='word_1_229' title='bbox 1201 3365 1241 3417; x_wconf 80' lang='lat' dir='ltr'><strong>t&#39;e·</strong></span> 
     </span>
     <span class='ocr_line' id='line_1_32' title="bbox 146 3430 1240 3505; baseline 0.005 -27"><span class='ocrx_word' id='word_1_230' title='bbox 146 3430 216 3479; x_wconf 80' lang='lat' dir='ltr'><strong>erius</strong></span> <span class='ocrx_word' id='word_1_231' title='bbox 231 3430 279 3481; x_wconf 86' lang='lat' dir='ltr'><strong>boe</strong></span> <span class='ocrx_word' id='word_1_232' title='bbox 290 3431 386 3481; x_wconf 84' lang='lat' dir='ltr'><strong>ltelum</strong></span> <span class='ocrx_word' id='word_1_233' title='bbox 404 3432 483 3497; x_wconf 87' lang='lat' dir='ltr'><strong>puber</strong></span> <span class='ocrx_word' id='word_1_234' title='bbox 494 3433 626 3484; x_wconf 78' lang='lat' dir='ltr'><strong>iucurritr’</strong></span> <span class='ocrx_word' id='word_1_235' title='bbox 642 3442 672 3486; x_wconf 89' lang='lat' dir='ltr'><strong>ut</strong></span> <span class='ocrx_word' id='word_1_236' title='bbox 712 3438 741 3482; x_wconf 80' lang='lat' dir='ltr'><strong>te</strong></span> <span class='ocrx_word' id='word_1_237' title='bbox 751 3430 887 3495; x_wconf 87' lang='lat' dir='ltr'><strong>dederuut,</strong></span> <span class='ocrx_word' id='word_1_238' title='bbox 899 3433 1086 3500; x_wconf 84' lang='lat' dir='ltr'><strong>Vietimequod</strong></span> <span class='ocrx_word' id='word_1_239' title='bbox 1095 3438 1177 3503; x_wconf 77' lang='lat' dir='ltr'><strong>&#39;l&#39;roJ&#39;e</strong></span> <span class='ocrx_word' id='word_1_240' title='bbox 1187 3440 1240 3505; x_wconf 88' lang='lat' dir='ltr'><strong>pri.</strong></span> 
     </span>
     <span class='ocr_line' id='line_1_33' title="bbox 144 3504 1240 3579; baseline 0.009 -26"><span class='ocrx_word' id='word_1_241' title='bbox 144 3504 229 3554; x_wconf 84' lang='lat' dir='ltr'><strong>multe</strong></span> <span class='ocrx_word' id='word_1_242' title='bbox 246 3506 298 3555; x_wconf 83' lang='lat' dir='ltr'><strong>eliu</strong></span> <span class='ocrx_word' id='word_1_243' title='bbox 318 3520 351 3557; x_wconf 82' lang='lat' dir='ltr'><strong>ex</strong></span> <span class='ocrx_word' id='word_1_244' title='bbox 369 3506 412 3557; x_wconf 92' lang='lat' dir='ltr'><strong>illo</strong></span> <span class='ocrx_word' id='word_1_245' title='bbox 427 3506 562 3569; x_wconf 63' lang='lat' dir='ltr'><strong>deductu</strong></span> <span class='ocrx_word' id='word_1_246' title='bbox 579 3509 671 3573; x_wconf 78' lang='lat' dir='ltr'><strong>quibus</strong></span> <span class='ocrx_word' id='word_1_247' title='bbox 712 3520 754 3555; x_wconf 85' lang='lat' dir='ltr'><strong>me</strong></span> <span class='ocrx_word' id='word_1_248' title='bbox 773 3504 875 3557; x_wconf 81' lang='lat' dir='ltr'><strong>iuturus</strong></span> <span class='ocrx_word' id='word_1_249' title='bbox 890 3508 965 3567; x_wconf 66' lang='lat' dir='ltr'><strong>eret:</strong></span> <span class='ocrx_word' id='word_1_250' title='bbox 977 3508 1113 3563; x_wconf 75' lang='lat' dir='ltr'><strong>Ausonius.</strong></span> <span class='ocrx_word' id='word_1_251' title='bbox 1143 3517 1240 3579; x_wconf 58' lang='lat' dir='ltr'><strong>npetu</strong></span> 
     </span>
     <span class='ocr_line' id='line_1_34' title="bbox 145 3578 1240 3650; baseline 0.013 -21"><span class='ocrx_word' id='word_1_252' title='bbox 145 3578 280 3629; x_wconf 81' lang='lat' dir='ltr'><strong>restimlum</strong></span> <span class='ocrx_word' id='word_1_253' title='bbox 298 3582 383 3645; x_wconf 75' lang='lat' dir='ltr'><strong>megui</strong></span> <span class='ocrx_word' id='word_1_254' title='bbox 401 3582 469 3631; x_wconf 86' lang='lat' dir='ltr'><strong>illiue</strong></span> <span class='ocrx_word' id='word_1_255' title='bbox 486 3582 578 3634; x_wconf 74' lang='lat' dir='ltr'><strong>Poe&#39;tn</strong></span> <span class='ocrx_word' id='word_1_256' title='bbox 596 3600 672 3650; x_wconf 81' lang='lat' dir='ltr'><strong>euge·</strong></span> <span class='ocrx_word' id='word_1_257' title='bbox 711 3582 1240 3647; x_wconf 62' lang='lat' dir='ltr'><strong>reereluernbtmrtvutrzflre·</strong></span> 
     </span>
     <span class='ocr_line' id='line_1_35' title="bbox 144 3655 1240 3731; baseline 0.012 -26"><span class='ocrx_word' id='word_1_258' title='bbox 144 3661 197 3718; x_wconf 89' lang='lat' dir='ltr'><strong>tur,</strong></span> <span class='ocrx_word' id='word_1_259' title='bbox 205 3655 280 3719; x_wconf 75' lang='lat' dir='ltr'><strong>eujus</strong></span> <span class='ocrx_word' id='word_1_260' title='bbox 293 3670 385 3707; x_wconf 86' lang='lat' dir='ltr'><strong>nomeu</strong></span> <span class='ocrx_word' id='word_1_261' title='bbox 396 3672 554 3723; x_wconf 76' lang='lat' dir='ltr'><strong>nequaquem</strong></span> <span class='ocrx_word' id='word_1_262' title='bbox 567 3666 617 3711; x_wconf 86' lang='lat' dir='ltr'><strong>tem</strong></span> <span class='ocrx_word' id='word_1_263' title='bbox 629 3659 673 3712; x_wconf 82' lang='lat' dir='ltr'><strong>frl·</strong></span> <span class='ocrx_word' id='word_1_264' title='bbox 712 3671 800 3708; x_wconf 82' lang='lat' dir='ltr'><strong>uorum</strong></span> <span class='ocrx_word' id='word_1_265' title='bbox 815 3661 884 3709; x_wconf 86' lang='lat' dir='ltr'><strong>enim</strong></span> <span class='ocrx_word' id='word_1_266' title='bbox 899 3660 991 3711; x_wconf 83' lang='lat' dir='ltr'><strong>eleeeir</strong></span> <span class='ocrx_word' id='word_1_267' title='bbox 1008 3662 1085 3713; x_wconf 82' lang='lat' dir='ltr'><strong>eolult</strong></span> <span class='ocrx_word' id='word_1_268' title='bbox 1096 3663 1240 3731; x_wconf 73' lang='lat' dir='ltr'><strong>lplrigeuio</strong></span> 
     </span>
     <span class='ocr_line' id='line_1_36' title="bbox 144 3732 1240 3807; baseline 0.011 -25"><span class='ocrx_word' id='word_1_269' title='bbox 144 3732 211 3783; x_wconf 81' lang='lat' dir='ltr'><strong>rulir</strong></span> <span class='ocrx_word' id='word_1_270' title='bbox 240 3732 382 3783; x_wconf 85' lang='lat' dir='ltr'><strong>reeereibur</strong></span> <span class='ocrx_word' id='word_1_271' title='bbox 408 3733 540 3785; x_wconf 78' lang='lat' dir='ltr'><strong>obremui</strong></span> <span class='ocrx_word' id='word_1_272' title='bbox 572 3736 673 3803; x_wconf 82' lang='lat' dir='ltr'><strong>debuit,</strong></span> <span class='ocrx_word' id='word_1_273' title='bbox 713 3736 848 3801; x_wconf 75' lang='lat' dir='ltr'><strong>sunguine,</strong></span> <span class='ocrx_word' id='word_1_274' title='bbox 868 3737 968 3801; x_wconf 84' lang='lat' dir='ltr'><strong>rppulit</strong></span> <span class='ocrx_word' id='word_1_275' title='bbox 990 3738 1130 3791; x_wconf 71' lang='lat' dir='ltr'><strong>Protesilai</strong></span> <span class='ocrx_word' id='word_1_276' title='bbox 1156 3744 1240 3807; x_wconf 72' lang='lat' dir='ltr'><strong>ende,</strong></span> 
     </span>
     <span class='ocr_line' id='line_1_37' title="bbox 145 3807 1241 3878; baseline 0.011 -20"><span class='ocrx_word' id='word_1_277' title='bbox 145 3822 203 3859; x_wconf 84' lang='lat' dir='ltr'><strong>curn</strong></span> <span class='ocrx_word' id='word_1_278' title='bbox 222 3814 249 3858; x_wconf 88' lang='lat' dir='ltr'><strong>et</strong></span> <span class='ocrx_word' id='word_1_279' title='bbox 266 3807 306 3857; x_wconf 79' lang='lat' dir='ltr'><strong>vir</strong></span> <span class='ocrx_word' id='word_1_280' title='bbox 322 3807 415 3859; x_wconf 81' lang='lat' dir='ltr'><strong>deutur</strong></span> <span class='ocrx_word' id='word_1_281' title='bbox 431 3816 459 3859; x_wconf 89' lang='lat' dir='ltr'><strong>et</strong></span> <span class='ocrx_word' id='word_1_282' title='bbox 469 3811 627 3875; x_wconf 58' lang='lat' dir='ltr'><strong>moruleris,</strong></span> <span class='ocrx_word' id='word_1_283' title='bbox 645 3824 674 3865; x_wconf 84' lang='lat' dir='ltr'><strong>et</strong></span> <span class='ocrx_word' id='word_1_284' title='bbox 713 3809 895 3874; x_wconf 81' lang='lat' dir='ltr'><strong>quobleuillur</strong></span> <span class='ocrx_word' id='word_1_285' title='bbox 905 3820 1052 3878; x_wconf 79' lang='lat' dir='ltr'><strong>reepeetuu</strong></span> <span class='ocrx_word' id='word_1_286' title='bbox 1062 3815 1158 3869; x_wconf 87' lang='lat' dir='ltr'><strong>bebere</strong></span> <span class='ocrx_word' id='word_1_287' title='bbox 1169 3818 1241 3870; x_wconf 84' lang='lat' dir='ltr'><strong>vide·</strong></span> 
     </span>
     <span class='ocr_line' id='line_1_38' title="bbox 144 3882 1239 3957; baseline 0.012 -24"><span class='ocrx_word' id='word_1_288' title='bbox 144 3882 299 3949; x_wconf 85' lang='lat' dir='ltr'><strong>eliquemdiu</strong></span> <span class='ocrx_word' id='word_1_289' title='bbox 312 3882 380 3933; x_wconf 80' lang='lat' dir='ltr'><strong>terte</strong></span> <span class='ocrx_word' id='word_1_290' title='bbox 390 3882 523 3949; x_wconf 64' lang='lat' dir='ltr'><strong>nomme</strong></span> <span class='ocrx_word' id='word_1_291' title='bbox 538 3887 605 3939; x_wconf 82' lang='lat' dir='ltr'><strong>tenti</strong></span> <span class='ocrx_word' id='word_1_292' title='bbox 616 3897 674 3954; x_wconf 85' lang='lat' dir='ltr'><strong>poet</strong></span> <span class='ocrx_word' id='word_1_293' title='bbox 713 3894 765 3950; x_wconf 86' lang='lat' dir='ltr'><strong>tur,</strong></span> <span class='ocrx_word' id='word_1_294' title='bbox 786 3901 844 3937; x_wconf 84' lang='lat' dir='ltr'><strong>euru</strong></span> <span class='ocrx_word' id='word_1_295' title='bbox 865 3888 918 3939; x_wconf 84' lang='lat' dir='ltr'><strong>eb:</strong></span> <span class='ocrx_word' id='word_1_296' title='bbox 934 3888 1113 3957; x_wconf 72' lang='lat' dir='ltr'><strong>‘cineremque</strong></span> <span class='ocrx_word' id='word_1_297' title='bbox 1128 3893 1239 3947; x_wconf 75' lang='lat' dir='ltr'><strong>salutm</strong></span> 
     </span>
     <span class='ocr_line' id='line_1_39' title="bbox 145 3959 1238 4028; baseline 0.006 -17"><span class='ocrx_word' id='word_1_298' title='bbox 145 3963 248 4011; x_wconf 82' lang='lat' dir='ltr'><strong>unicum</strong></span> <span class='ocrx_word' id='word_1_299' title='bbox 260 3960 400 4026; x_wconf 85' lang='lat' dir='ltr'><strong>Virgilium</strong></span> <span class='ocrx_word' id='word_1_300' title='bbox 411 3960 481 4011; x_wconf 87' lang='lat' dir='ltr'><strong>illurn</strong></span> <span class='ocrx_word' id='word_1_301' title='bbox 491 3959 592 4013; x_wconf 82' lang='lat' dir='ltr'><strong>lecerit.</strong></span> <span class='ocrx_word' id='word_1_302' title='bbox 711 3961 854 4025; x_wconf 72' lang='lat' dir='ltr'><strong>snguine,</strong></span> <span class='ocrx_word' id='word_1_303' title='bbox 865 3969 894 4012; x_wconf 87' lang='lat' dir='ltr'><strong>et</strong></span> <span class='ocrx_word' id='word_1_304' title='bbox 904 3964 1039 4028; x_wconf 84' lang='lat' dir='ltr'><strong>rppuleern</strong></span> <span class='ocrx_word' id='word_1_305' title='bbox 1050 3965 1146 4016; x_wconf 67' lang='lat' dir='ltr'><strong>terrie!</strong></span> <span class='ocrx_word' id='word_1_306' title='bbox 1170 3967 1238 4018; x_wconf 80' lang='lat' dir='ltr'><strong>Vide</strong></span> 
     </span>
    </p>

    <p class='ocr_par' dir='ltr' id='par_1_12' title="bbox 145 4034 1239 4179">
     <span class='ocr_line' id='line_1_40' title="bbox 177 4034 1239 4105; baseline 0.004 -16"><span class='ocrx_word' id='word_1_307' title='bbox 177 4042 224 4089; x_wconf 79' lang='grc'><strong>188</strong></span> <span class='ocrx_word' id='word_1_308' title='bbox 231 4036 341 4101; x_wconf 70' lang='lat' dir='ltr'><strong>Phrygio</strong></span> <span class='ocrx_word' id='word_1_309' title='bbox 349 4037 447 4087; x_wconf 80' lang='lat' dir='ltr'><strong>Graeeer</strong></span> <span class='ocrx_word' id='word_1_310' title='bbox 456 4037 545 4087; x_wconf 75' lang='lat' dir='ltr'><strong>meiere</strong></span> <span class='ocrx_word' id='word_1_311' title='bbox 553 4036 670 4105; x_wconf 78' lang='lat' dir='ltr'><strong>reperiit]</strong></span> <span class='ocrx_word' id='word_1_312' title='bbox 710 4034 837 4099; x_wconf 71' lang='lat' dir='ltr'><strong>Scaliger·</strong></span> <span class='ocrx_word' id='word_1_313' title='bbox 846 4036 880 4085; x_wconf 88' lang='lat' dir='ltr'><strong>ed</strong></span> <span class='ocrx_word' id='word_1_314' title='bbox 889 4036 980 4089; x_wconf 73' lang='lat' dir='ltr'><strong>meur.</strong></span> <span class='ocrx_word' id='word_1_315' title='bbox 994 4054 1020 4104; x_wconf 88' lang='lat' dir='ltr'><strong>p.</strong></span> <span class='ocrx_word' id='word_1_316' title='bbox 1033 4043 1090 4091; x_wconf 85' lang='grc'><strong>887.</strong></span> <span class='ocrx_word' id='word_1_317' title='bbox 1101 4049 1130 4091; x_wconf 86' lang='lat' dir='ltr'><strong>et</strong></span> <span class='ocrx_word' id='word_1_318' title='bbox 1140 4040 1166 4091; x_wconf 87' lang='lat' dir='ltr'><strong>iu</strong></span> <span class='ocrx_word' id='word_1_319' title='bbox 1177 4056 1239 4093; x_wconf 79' lang='lat' dir='ltr'><strong>uou-</strong></span> 
     </span>
     <span class='ocr_line' id='line_1_41' title="bbox 145 4110 943 4179; baseline 0.008 -20"><span class='ocrx_word' id='word_1_320' title='bbox 145 4111 212 4160; x_wconf 85' lang='lat' dir='ltr'><strong>Vlde</strong></span> <span class='ocrx_word' id='word_1_321' title='bbox 234 4125 311 4175; x_wconf 85' lang='lat' dir='ltr'><strong>euprr</strong></span> <span class='ocrx_word' id='word_1_322' title='bbox 327 4124 404 4161; x_wconf 78' lang='lat' dir='ltr'><strong>verre</strong></span> <span class='ocrx_word' id='word_1_323' title='bbox 426 4116 481 4163; x_wconf 89' lang='grc'><strong>148.</strong></span> <span class='ocrx_word' id='word_1_324' title='bbox 497 4110 540 4162; x_wconf 80' lang='lat' dir='ltr'><strong>ubi</strong></span> <span class='ocrx_word' id='word_1_325' title='bbox 559 4110 628 4161; x_wconf 87' lang='lat' dir='ltr'><strong>idem</strong></span> <span class='ocrx_word' id='word_1_326' title='bbox 644 4114 670 4163; x_wconf 88' lang='lat' dir='ltr'><strong>in</strong></span> <span class='ocrx_word' id='word_1_327' title='bbox 705 4114 837 4179; x_wconf 84' lang='lat' dir='ltr'><strong>jeeteuete</strong></span> <span class='ocrx_word' id='word_1_328' title='bbox 847 4129 874 4178; x_wconf 87' lang='lat' dir='ltr'><strong>p.</strong></span> <span class='ocrx_word' id='word_1_329' title='bbox 888 4119 943 4165; x_wconf 81' lang='grc'><strong>1441.</strong></span> 
     </span>
    </p>

    <p class='ocr_par' dir='ltr' id='par_1_13' title="bbox 146 4186 1237 4261">
     <span class='ocr_line' id='line_1_42' title="bbox 146 4186 1237 4261; baseline 0.005 -22"><span class='ocrx_word' id='word_1_330' title='bbox 146 4187 225 4245; x_wconf 74' lang='lat' dir='ltr'><strong>Eeho,</strong></span> <span class='ocrx_word' id='word_1_331' title='bbox 247 4187 309 4253; x_wconf 80' lang='lat' dir='ltr'><strong>rive,</strong></span> <span class='ocrx_word' id='word_1_332' title='bbox 326 4192 355 4237; x_wconf 87' lang='lat' dir='ltr'><strong>ut</strong></span> <span class='ocrx_word' id='word_1_333' title='bbox 369 4186 449 4238; x_wconf 85' lang='lat' dir='ltr'><strong>Verre</strong></span> <span class='ocrx_word' id='word_1_334' title='bbox 466 4186 511 4239; x_wconf 86' lang='lat' dir='ltr'><strong>lib.</strong></span> <span class='ocrx_word' id='word_1_335' title='bbox 528 4200 571 4238; x_wconf 87' lang='grc' dir='ltr'>ιιι.</span> <span class='ocrx_word' id='word_1_336' title='bbox 588 4187 620 4237; x_wconf 85' lang='lat' dir='ltr'><strong>de</strong></span> <span class='ocrx_word' id='word_1_337' title='bbox 641 4202 669 4239; x_wconf 89' lang='lat' dir='ltr'><strong>re</strong></span> <span class='ocrx_word' id='word_1_338' title='bbox 743 4192 793 4241; x_wconf 77' lang='grc'><strong>188</strong></span> <span class='ocrx_word' id='word_1_339' title='bbox 810 4189 944 4255; x_wconf 64' lang='lat' dir='ltr'><strong>cremer</strong></span> <span class='ocrx_word' id='word_1_340' title='bbox 961 4189 1123 4243; x_wconf 68' lang='lat' dir='ltr'><strong>sitiit-terte</strong></span> <span class='ocrx_word' id='word_1_341' title='bbox 1136 4192 1237 4261; x_wconf 65' lang='lat' dir='ltr'><strong>pyropo]</strong></span> 
     </span>
    </p>
   </div>
   <div class='ocr_carea' id='block_1_11' title="bbox 0 0 1484 4875">
    <p class='ocr_par' dir='ltr' id='par_1_14' title="bbox 0 0 1484 4875">
     <span class='ocr_line' id='line_1_43' title="bbox 0 0 1484 4875; baseline 0 1"><span class='ocrx_word' id='word_1_342' title='bbox 0 0 1484 4875; x_wconf 95' lang='lat' dir='ltr'><strong> </strong></span> 
     </span>
    </p>
   </div>
  </div>
 </body>
</html>
