2959 4875
539 356 657 407 SGBNA
684 358 833 413 moron.

493 587 565 673 lv.
601 587 865 655 MACHAON.

535 738 610 800 Lrn.
627 756 650 800 ι.
672 736 765 803 Gna.
782 740 836 804 14.

176 866 387 949 ‘Podalirins
402 888 437 951 et
453 838 633 965 Machaon,
647 887 854 963 Tricoensoe
863 887 1063 971 AEsculapio
1076 886 1191 973 geniti,

238 986 338 1049 acciti
353 985 397 1049 ad
413 985 449 1050 id
465 986 597 1065 bollum,
612 988 656 1051 ob
671 987 840 1053 solertiam
861 986 1006 1054 Modicae
1022 987 1126 1054 artis?
1218 1030 1221 1035 -

181 1114 387 1195 Monimou,
402 1119 590 1202 AEoculapii
611 1120 700 1184 filius
722 1120 888 1203 fraterque
900 1120 1086 1197 Podalirii3
1108 1120 1142 1183 in
1158 1124 1227 1183 arte

138 1216 266 1281 medica
279 1218 367 1282 adeo
389 1220 509 1295 clarus,
523 1227 560 1285 ut
581 1220 654 1303 ojus
668 1240 790 1285 nomen
814 1220 944 1285 Ponte
956 1221 1154 1304 simpliciter
1166 1240 1227 1304 po·

11 1338 12 1357 ³
137 1324 293 1399 nnntpro
306 1318 454 1384 medico.
498 1321 555 1385 Sic
568 1322 688 1386 etenim
704 1321 904 1387 Martialn.
917 1323 971 1387 16.
986 1324 1018 1386 5.

221 1416 314 1496 Quid
328 1422 389 1485 tibi
404 1442 482 1488 onrn
497 1422 650 1487 mediool
672 1422 801 1489 dimitte
813 1421 1020 1489 Machaonas
1033 1442 1160 1489 ornnes.

180 1519 260 1583 Non
274 1522 380 1586 solnm
402 1542 479 1587 cum
499 1524 636 1607 reliquis
650 1523 796 1590 Graeciae
819 1526 1034 1609 principibus
1047 1525 1226 1609 Troianam

136 1629 287 1711 suscepit
300 1632 565 1713 expeditionem
581 1650 698 1697 rernm
712 1631 877 1715 Virgilius
890 1653 965 1697 oum
981 1640 1129 1697 numeral
1143 1637 1226 1698 ictor

137 1746 209 1803 eos,
226 1730 282 1811 qni
297 1750 385 1813 equo
400 1733 515 1798 votivo
529 1731 661 1811 inclusi,
676 1734 789 1818 Trojae
802 1741 918 1817 portas
933 1734 1005 1797 enin
1019 1747 1225 1797 reseramnt:

11 1868 12 1883 .
137 1842 267 1911 nempe,
283 1846 324 1895 rr.
339 1832 416 1897 AEn.
432 1832 509 1901 263.

436 1949 518 2015 Illos
539 1949 731 2033 patefactus
746 1950 788 2013 ad
804 1968 905 2013 auras

222 2046 348 2114 Reddit
361 2068 476 2131 equus,
491 2050 629 2133 laetique
645 2070 731 2116 caro
747 2070 783 2114 ee
793 2051 913 2115 robore
927 2056 1084 2135 promunt

224 2146 418 2226 lisandms,
432 2150 670 2234 Sthenelnsque
685 2148 789 2216 duces
802 2160 836 2217 et
850 2152 940 2215 dirus
957 2150 1111 2231 Ulyssos,
1133 2232 1136 2235 ἢ

224 2250 414 2313 Demissom
429 2250 518 2333 lapsi
533 2270 593 2334 per
607 2252 734 2316 sunem:
759 2236 1203 2334 Albamasqoe„'l'hoasqne,

222 2348 423 2433 Pelidesque
440 2350 700 2434 Neoptolemus,
714 2352 905 2435 primosque
919 2348 1098 2412 Machaon.

177 2479 328 2546 Tandem
358 2483 493 2547 occisus
525 2491 577 2546 est
606 2483 650 2548 ab
680 2481 864 2565 Eurypylo,
887 2479 1033 2564 Telephi
1053 2477 1134 2543 filio.
1178 2479 1223 2559 Q.

134 2583 327 2666 Smyrnaeus
341 2585 418 2670 (qui
433 2583 575 2650 Calaber
597 2585 708 2667 vulgo.
722 2583 800 2658 vide
814 2578 988 2658 Vossium,
999 2579 1100 2645 Polit.
1112 2580 1225 2645 Graec.

135 2683 183 2764 9.)
212 2691 311 2750 nexio
340 2685 455 2768 operis
483 2685 579 2749 libro.
624 2679 787 2766 Sepultns'
815 2688 923 2746 aulem
954 2680 1121 2758 Geronian,
1149 2699 1226 2764 quaa

141 2784 298 2850 laconico
320 2785 497 2870 oppidum,
512 2785 554 2849 ad
577 2783 675 2867 cujus
703 2783 878 2858 tumulum,
892 2784 926 2845 in
948 2778 1122 2862 magnifico
1146 2786 1227 2842 tcm-
1354 2805 1361 2814 ·

136 2885 205 2970 plo,
220 2889 383 2951 variomm
406 2888 592 2950 morborum
614 2891 800 2966 poscuntur
821 2881 978 2946 remedia.
1022 2879 1092 2944 Ubi
1107 2879 1225 2962 atejus

137 2987 347 3051 simulacmm
361 3005 407 3051 ex
422 3007 499 3064 aere,
514 2994 721 3052 coronatum.
765 2985 913 3049 Pausan.
928 2984 965 3046 in
981 2981 1130 3046 Messon.
1141 2979 1195 3043 26.

476 3215 520 3281 V.
540 3213 685 3282 ,AJAX
709 3211 894 3278 OlLEUS.

530 3349 609 3414 Ino.
627 3365 652 3412 1.
674 3345 834 3412 cnr-14.

437 3481 555 3566 ‘AJax
572 3478 673 3556 Oilei,
699 3496 746 3542 ex
761 3473 926 3548 Locride?

175 3616 299 3694 Aru,
328 3601 418 3680 Oilei
445 3614 547 3691 filius,
574 3612 658 3677 inter
685 3610 884 3677 Graecomm
912 3607 1017 3672 duces
1039 3605 1224 3687 pracsertim

136 3727 247 3804 notos,
274 3722 412 3801 proptor
437 3711 674 3788 Cassandram,
701 3711 864 3793 rirginom
891 3713 924 3771 ot
948 3714 1073 3781 ratem,
1102 3705 1226 3769 Priami

134 3819 249 3896 filiam,
265 3818 301 3882 in
324 3817 399 3882 aede
414 3815 576 3882 Minervae
597 3813 642 3878 ab
664 3831 705 3878 eo
721 3827 960 3894 compressam.
981 3805 1076 3888 Virg.
1094 3821 1133 3868 ιι.
1148 3806 1226 3868 AEo.

135 3923 209 3986 ddi&
231 3920 278 4000 Q.
292 3920 496 4002 Smyrnaem,
513 3912 955 3998 x111.'1'rypliiodoms,&c.

178 4023 287 4104 Quam
304 4020 351 4086 ob
366 4033 515 4095 canum.
530 4035 605 4082 cum
621 4013 742 4080 ceteris
756 4010 889 4080 Graecie
902 4008 1038 4074 domum
1058 4011 1226 4089 repetem,

136 4125 253 4210 inipso
268 4117 506 4196 mari'fulmine
520 4136 695 4202 percussus
709 4122 763 4182 est
784 4113 957 4178 Minerva.
1002 4106 1105 4172 Hom.
1120 4105 1187 4174 Od.
1201 4109 1227 4171 8.
