2959 4875
420 373 469 423 na
493 375 672 425 rrrsrunra
698 376 808 425 aanor
833 378 1008 429 rueram.
1194 370 1250 435 aa

161 516 252 581 tinus
280 521 315 581 et
336 518 527 600 praedicens
548 518 690 595 Graecis,
704 538 911 604 monensque
927 529 963 586 ut
982 520 1127 605 ligneum
1154 524 1247 591 illum

162 619 292 702 Εᾳιιυπι
314 625 507 682 exstruant:
536 620 722 684 Cassandra
744 620 986 702 Agamemnoni
1008 634 1170 690 eventura
1190 628 1248 691 de·

155 719 310 785 claraus:
334 721 476 804 denique
491 719 656 805 Cyclopes
677 729 712 787 et
735 723 979 806 Laestrygones,
1000 724 1197 809 Antiphates
1211 737 1247 793 et
1316 808 1323 819 α

158 820 400 905 Polyphemus,
416 821 554 886 Circeet
564 822 726 907 Calypso,
740 823 910 908 Penelope
919 846 997 891 curn
1007 842 1109 891 xxx.
1121 829 1244 911 procis.

158 918 247 985 llaec
262 922 372 986 omnia
387 922 471 985 satis
493 940 658 1005 superque
682 924 874 1003 ostendunt,
898 932 1066 991 auctorem
1094 935 1243 995 nostrum

158 1020 312 1087 hausisse
335 1042 397 1087 sna
419 1022 629 1106 potissimum
654 1042 698 1086 ex
724 1023 886 1102 Homero,
900 1034 1000 1109 atque
1022 1028 1098 1093 aliis
1118 1030 1242 1112 poetis,

24 1132 26 1167 r
152 1122 246 1199 licet,
260 1125 374 1188 forsan
395 1130 432 1186 ut
445 1123 479 1187 id
496 1123 692 1203 dissimulet,
708 1144 800 1210 saepe
813 1126 900 1191 haud
923 1148 1041 1211 parum
1056 1132 1242 1209 immutata,

155 1229 223 1286 tum
241 1243 323 1288 vero
339 1246 360 1289 a
375 1224 441 1288 fide
456 1216 629 1289 Historica
649 1226 808 1301 hominis,
821 1230 877 1311 qui
901 1232 999 1295 rehus
1018 1235 1121 1314 gestis
1144 1234 1242 1299 inter·

150 1323 261 1402 luerit,
276 1344 399 1408 easque
422 1326 629 1409 simpliciter,
646 1313 689 1393 'ut
709 1337 816 1411 gestae
836 1338 940 1410 erant,
962 1336 1151 1410 narrarerit,
1170 1335 1241 1399 lon·

156 1444 230 1506 gum
240 1427 343 1490 abire.

197 1542 292 1592 xxv,
315 1528 507 1593 Sedetano
528 1531 603 1613 ipso
624 1530 749 1596 indicio
772 1534 1000 1617 antiquitatem
1020 1535 1123 1611 illam,
1139 1554 1240 1619 quam

148 1629 269 1710 iactat,
285 1629 506 1695 clarissimum
521 1633 554 1695 in
564 1633 697 1695 modum
707 1636 830 1715 passim
843 1635 973 1700 refellit.
996 1637 1076 1701 lino
1090 1638 1240 1718 pertinet,

153 1730 243 1813 qnod
256 1731 382 1814 ubique
398 1734 501 1796 etiam
522 1735 557 1796 in
571 1734 777 1799 orationibus
799 1734 995 1801 Graecorum
1010 1736 1054 1801 a'd
1075 1738 1238 1823 Trojanos

142 1830 244 1915 <ride
262 1849 300 1896 rr.
315 1834 369 1898 22.
386 1840 421 1897 ut
437 1850 494 1898 ιιι.
509 1834 562 1897 23.
578 1842 611 1899 et
632 1834 723 1917 apud
745 1833 904 1899 Mulelam
919 1826 1011 1921 158.)
1025 1837 1127 1902 hosce
1146 1838 1236 1901 roci-

148 1938 201 1997 tat
223 1934 403 2013 Barbaros,
423 1955 529 2018 eoque
550 1938 679 1999 nornine
696 1934 829 2000 Graeeis
850 1939 1004 2021 opponit,
1020 1958 1095 2002 cum
1111 1957 1155 2003 ea
1169 1956 1236 2003 vox

147 2033 208 2099 illo
221 2042 312 2100 uerte
327 2055 428 2102 seusu
443 2044 521 2101 tuno
537 2037 698 2119 temporis
712 2037 856 2101 nondum
871 2038 972 2102 luerit
986 2040 1020 2104 in
1035 2057 1112 2104 usu.
1135 2038 1235 2105 Unde

13 2126 14 2133 '
146 2138 369 2203 observarunt
380 2140 451 2221 jam
464 2139 542 2203 olim
558 2138 773 2223 Thucydides
790 2154 816 2201 r.
828 2139 861 2205 3.
883 2147 917 2205 et
937 2140 1057 2205 Strabo
1079 2140 1138 2205 lib.
1153 2156 1234 2207 xrr.

147 2240 221 2304 661.
237 2242 298 2305 &u
327 2260 371 2306 ne
392 2240 576 2305 Homerum
605 2240 752 2323 quidem,
781 2242 839 2323 qui
866 2247 960 2305 tanto
989 2246 1137 2324 tempore
1158 2249 1236 2323 post

71 2402 76 2409 .
147 2340 246 2418 vixit,
261 2359 328 2407 non
342 2341 455 2406 dicam
464 2340 642 2425 Trojauos,
654 2341 715 2404 sed
729 2358 835 2422 neque
849 2341 939 2406 udos
954 2341 1052 2417 alios,
1061 2341 1233 2423 appellare

10 2477 11 2535 p
148 2443 328 2522 Barbaros,
344 2451 475 2509 tantum
494 2445 596 2509 semel
611 2442 716 2507 Caras
737 2443 847 2508 dicere
873 2439 1120 2528 βαρβιροφῶιους.
1163 2442 1234 2528 Op-

147 2545 272 2628 positio
286 2552 405 2610 autem
424 2547 540 2610 isthmo
555 2545 747 2610 Graecorum
763 2553 797 2609 et
823 2543 1043 2609 Barbarorum
1065 2543 1165 2628 longe
1178 2565 1233 2610 se·

147 2648 210 2711 rior
222 2647 298 2728 suit,
320 2667 384 2711 non
398 2647 552 2732 Trojanis
568 2653 697 2711 tautam
711 2646 926 2727 temporibus,
943 2645 1005 2710 sed
1017 2647 1140 2727 etipse
1156 2646 1233 2712 Ho-

144 2765 244 2814 mero.
302 2749 426 2814 Strabo
442 2750 475 2814 (l.
497 2753 519 2814 l.
534 2747 596 2811 alra
610 2745 836 2832 aurrxpuudprl'
852 2753 887 2820 ὥς
903 2748 997 2830 iterari
1013 2750 1094 2830 κοινᾷ
1107 2745 1233 2828 lro‘part,

143 2851 370 2936 ἁπιδιαιροῦπες
394 2851 460 2937 πρὸς
481 2856 529 2914 τοῦ
546 2847 704 2925 Ἕλληνας,
729 2853 871 2931 ‘postea
891 2848 992 2912 abusi
1012 2847 1145 2912 sumus'
1166 2848 1231 2914 hae

145 2953 269 3016 rocein
284 2953 386 3017 alium
402 2973 509 3029 usum,
526 2953 658 3017 scilicet
672 2960 710 3016 at
723 2951 891 3015 Barbaros
904 2950 1003 3033 qnasi
1018 2953 1029 2984 ‘
1042 2947 1230 3014 commnoi’

143 3053 206 3118 hoc
231 3053 410 3120 ‘Gentium
438 3055 602 3118 uocabulo
630 3053 907 3134 distingueremus
932 3068 955 3113 a
981 3049 1135 3116 Grecis!
1176 3054 1230 3119 lle

143 3162 345 3220 tamencum
359 3155 449 3238 apud
470 3163 614 3219 nostrum
630 3155 754 3235 Dietyn
775 3153 822 3216 sit
840 3150 1117 3232 frequentissima,
1132 3171 1230 3218 nemo

141 3271 206 3320 non
220 3257 321 3321 facile
342 3256 510 3340 intelligit,
530 3256 633 3320 luisse
646 3274 725 3337 ergo
750 3254 844 3318 illum
866 3253 1019 3316 Homero
1032 3253 1131 3334 louge
1152 3271 1229 3338 pos·

142 3357 306 3423 teriorem.

183 3473 298 3522 xxvi.
320 3460 448 3524 Similis
464 3459 561 3542 pretii
590 3464 623 3523 et
643 3461 733 3522 notae
759 3464 823 3531 est,
851 3456 943 3540 quod
971 3454 1227 3522 ‘Themellum'

142 3567 305 3624 memorat
327 3562 586 3626 v1.7.cumhuo
601 3579 719 3624 nomen
734 3579 775 3622 ue
799 3558 901 3622 lhndn
916 3557 1050 3640 quidem
1071 3557 1224 3624 auditum

137 3660 237 3726 luerit
257 3661 395 3747 Trojani
410 3662 487 3726 belli
502 3668 665 3746 ternpore.
710 3659 843 3726 Diserte
858 3659 1012 3724 Velleius
1027 3658 1225 3724 Pateronlns

142 3779 162 3825 r.
176 3762 209 3826 3.
231 3763 467 3846 appellationis
481 3763 582 3847 hujus
597 3762 755 3843 originem
771 3760 815 3825 ad
830 3768 963 3843 tempus
975 3759 1117 3836 demum,
1130 3757 1224 3846 quod

136 3861 196 3929 luit
219 3869 298 3948 post
318 3863 457 3928 reditum
481 3862 734 3928 Heraclidumm
758 3861 795 3925 in
819 3861 1101 3944 Peloponnesum,
1115 3862 1225 3939 refert,

135 3979 211 4030 num
225 3973 327 4030 antea
349 3963 619 4048 ‘Myrmidonum
640 3961 780 4029 civitas’
801 3982 842 4028 ea
855 3963 948 4043 regio
973 3970 1009 4025 et
1030 3981 1112 4043 gens
1125 3961 1225 4028 fuerit

136 4067 316 4150 appellata.
362 4065 597 4149 thjioittnuo
611 4067 712 4132 verbe
723 4065 778 4130 hio
792 4063 955 4128 notanda:
977 4059 1079 4138 ‘Quo
1091 4063 1223 4129 nomine

135 4167 240 4234 mirari
254 4166 416 4239 convenit
430 4186 499 4248 eos,
515 4168 572 4252 qui
588 4167 694 4232 Iliaca
707 4171 948 4247 componentes
961 4170 1114 4247 tempora
1125 4162 1168 4228 de
1182 4181 1224 4231 ea
