2959 4875
440 336 489 384 mr
514 336 631 385 usuuo
655 336 826 387 oaorsuo
850 338 921 387 mu.
946 340 995 387 ιν.
1187 323 1253 389 tte

157 478 374 563 iuterepulas
384 478 654 564 primas,⁴juveui
664 479 1039 563 putrisiortiasaoiuora
1048 496 1251 559 euummam,

155 580 470 664 .virtutemquo.ejrrs
485 580 771 645 commemorando
792 580 906 647 efferre
924 581 1104 647 laudibus:
1127 581 1250 664 quibus

158 680 309 765 Pyrrhus
327 700 391 745 uou
413 682 624 746 mediocriter
646 682 745 745 lautus
768 700 1009 766 accensusque,
1029 684 1177 747 uisurum
1190 691 1251 748 oe⁸

160 785 252 845 omui
274 802 339 865 ope
362 782 560 864 respoudit,⁵
584 800 652 865 quo
674 800 714 844 ue
735 781 889 865 indiguus
903 785 1011 867 patris
1023 783 1149 849 meritis
1161 784 1252 849 exis·

161 888 258 947 teret.
306 883 389 947 Dein
412 882 456 947 ed
470 902 534 947 sua
548 884 690 965 quisque
704 884 847 947 tentoria
860 885 1009 965 quietum
1022 886 1158 949 abeunt.
1200 882 1250 948 At

160 990 297 1065 postero
309 983 364 1047 dle
375 984 472 1047 simul
484 1004 559 1048 oum
570 984 648 1047 luce
655 984 792 1067 juvenis
802 986 924 1049 eastris
934 1004 1099 1067 emessm,
1110 984 1251 1051 offendit

161 1083 360 1148 Diomedem
374 1102 449 1148 oum
465 1084 610 1166 Ulysse:
633 1102 718 1167 quos
739 1084 920 1163 salutatos,
934 1084 1016 1168 quid
1027 1104 1141 1151 causta
1155 1086 1250 1166 ieret,

160 1184 413 1268 perooutaturt⁶
433 1186 532 1269 bique
555 1187 660 1263 aiunt,
682 1186 957 1268 interponendam
979 1186 1108 1251 dierum
1120 1206 1250 1255 moram

160 1284 204 1349 ad
229 1286 423 1353 reficiendos
448 1286 591 1351 militum
617 1287 691 1369 ejus
717 1287 859 1362 animos,
880 1286 978 1369 longo
1006 1287 1122 1353 itinere
1146 1290 1249 1353 maris

160 1388 370 1470 torpentibus
385 1388 487 1453 etiam
503 1406 588 1451 uuue
604 1388 773 1465 membris,
783 1393 819 1452 et
833 1389 878 1452 ob
891 1388 927 1452 id
941 1407 1152 1473 nequaquam
1165 1389 1250 1455 satis

159 1484 254 1551 firmo
279 1490 365 1567 nisu,
389 1496 426 1554 ut
449 1488 576 1553 solitis⁷
598 1488 723 1553 viribus
749 1496 895 1571 agerent.
947 1488 1031 1573 [iz]
1057 1488 1179 1571 Itaque
1203 1508 1248 1554 ex

159 1606 269 1652 eorum
281 1591 440 1655 sententia
449 1589 586 1654 biduum
599 1589 846 1673 interpositum:
862 1607 930 1673 quo
941 1594 1119 1664 trausacto,
1131 1608 1249 1653 omues

158 1688 262 1754 duoes
286 1702 449 1774 regesque
470 1692 540 1756 suis
553 1692 695 1775 quisque
708 1690 871 1757 militibus
883 1689 1055 1755 instructis
1068 1688 1248 1753 exereitum

158 1790 324 1869 ordinant,
339 1800 442 1875 atque
455 1791 497 1856 ad
513 1810 659 1875 pugnum
672 1789 809 1856 vadunt.
843 1791 882 1857 Iu
897 1792 973 1876 quis
989 1788 1249 1876 Neoptolemus,

159 1908 276 1974 regens
289 1893 431 1971 medios,
439 1895 562 1958 oireum
575 1911 613 1956 se
625 1891 854 1976 Myrmidonas
860 1895 977 1959 statuit
983 1897 1084 1976 atque
1094 1889 1248 1975 Ajacem,

158 2010 255 2073 quem
271 1990 438 2057 affinitatis
452 1993 583 2069 merite,
604 1992 754 2075 parentis
768 1991 846 2059 loeo
857 1994 1065 2077 percolebat
1108 1992 1248 2057 iuterim

157 2092 294 2176 Trojaoi
308 2094 515 2159 vehementer
529 2112 662 2177 pavere,
675 2094 822 2159 maxime
836 2094 927 2178 quod
950 2094 1023 2160 suis
1044 2094 1153 2160 indies
1167 2092 1248 2157 defi·

159 2197 324 2262 olentibus
340 2195 478 2260 auxiliis
493 2214 601 2261 novus
616 2196 793 2261 adversum
806 2214 844 2259 se
856 2196 952 2260 miles
965 2201 1145 2279 pararetur,
1169 2212 1248 2257 oum

158 2296 407 2363 memorando⁸'¹
420 2296 526 2362 duee:
543 2303 655 2363 tamen
666 2296 827 2381 Eurypyli
840 2296 971 2361 hortatu
984 2314 1077 2359 arma
1090 2293 1248 2376 capiunt:

157 2401 188 2466 is
208 2418 349 2484 namque
372 2398 541 2483 adjunctis
564 2418 680 2466 seeum
702 2400 825 2482 regulis
848 2398 967 2482 copias
990 2414 1071 2462 suas
1090 2393 1248 2480 Trojuuis

157 2503 282 2568 mixtas
305 2509 401 2586 porta
416 2502 547 2568 educit:
569 2509 671 2586 atque
695 2501 745 2567 itu
758 2499 912 2566 ordinata
925 2499 1000 2564 oeie
1013 2497 1158 2562 medium
1173 2516 1248 2562 sem

156 2604 257 2669 locat.
309 2603 397 2669 'l'um
420 2604 562 2688 primum
586 2605 715 2669 AEueas
738 2606 935 2684 espemato⁹
961 2599 1137 2666 oemmiue
1161 2599 1250 2662 iutra

158 2723 270 2770 muros
284 2711 407 2783 manet,
417 2711 596 2770 execratus
611 2706 738 2789 quippe
749 2699 938 2766 Alexandri
951 2700 1082 2765 iaeiuus
1093 2697 1249 2763 commis·

157 2825 232 2870 sum
246 2807 281 2870 iu
296 2802 506 2888 Apollinem,¹
520 2806 618 2890 eujus
633 2823 731 2871 saera
746 2803 777 2866 is
788 2800 958 2885 praecipue
974 2799 1137 2864 tuebatur.
1179 2796 1248 2862 Sed

157 2907 215 2971 ubi
231 2908 361 2990 signum
375 2905 523 2972 bellandi
538 2905 652 2971 dutum
673 2911 735 2981 est,
757 2920 876 2967 manus
898 2905 1090 2976 conserunt,
1110 2915 1249 2980 magua·

158 3017 242 3092 que·
270 3010 305 3073 vi
330 3009 492 3092 utrimque
518 3007 736 3084 decertantes,
761 3001 889 3068 eadunt
911 3000 1056 3086 plurimi.
1111 2999 1247 3065 luterim

157 3408 260 3454 maed
285 3402 383 3466 Delpb.
404 3401 563 3465 picino-b
591 3397 688 3460 Delpb.
718 3393 838 3444 waere
856 3405 882 3442 se
901 3405 924 3439 o.
943 3404 967 3438 o.
985 3386 1067 3464 aemi
1084 3385 1247 3449 respoudit.-

158 3473 174 3517 e
191 3467 284 3531 Detpb.
294 3471 428 3542 roget-'t
436 3464 559 3530 Viudlng.
568 3462 708 3538 ”lidia-8
719 3457 817 3508 Omueu
827 3467 903 3505 voees
914 3466 1041 3564 amaus
1049 3449 1175 3565 ιιἬιιιΙ
1186 3465 1247 3554 cen:

158 3533 304 3580 aemma
314 3530 409 3580 desunt
422 3544 448 3578 ru
460 3529 556 3591 Delplu.
567 3525 683 3576 exhibitu
699 3522 755 3571 selu
766 3535 829 3572 roes
839 3522 1016 3570 mmo
1142 3513 1186 3579 pb.
1203 3529 1235 3578 pa

159 3601 269 3645 rata-1
291 3595 394 3644 Desunt
410 3594 436 3642 lo
457 3593 551 3656 Delpb.
568 3589 667 3640 rocula
684 3601 727 3652 pue
741 3593 801 3651 post
814 3599 911 3648 neu,
927 3590 957 3634 et
973 3595 1033 3652 mes
1050 3582 1213 3645 postem.
1324 3631 1327 3636 ,

650 3798 760 3852 Now

159 3971 209 4023 quo
220 3969 297 4019 supra
307 3949 500 4004 commemorati
511 3950 588 4000 souti
721 3943 791 4008 dees]
823 3941 868 3992 Ob
894 3939 1118 3989 mame-uratum
1145 3931 1247 3998 dum,

191 4028 477 4096 r[ladustria]1dest,
496 4023 683 4088 laboriositas,
722 4014 970 4085 Pyrrbumueilieet.
1051 4083 1057 4096 ι

160 4108 232 4158 slitu
242 4105 280 4157 t'u
291 4107 377 4171 loqui3
395 4098 593 4164 muoreageudi.
753 4093 761 4128 ¹
779 4086 968 4143 comui·
977 4084 1122 4148 Apellam]
1143 4083 1208 4134 Cum
1219 4083 1246 4135 iu

209 4181 221 4216 ἱ
246 4181 450 4232 cmmode
483 4169 683 4244 [maturato]
723 4171 779 4235 ejus
790 4157 1177 4232 templorlebillamiutert'eelt.
