2959 4875
428 364 475 411 nn
501 364 618 413 annno
642 362 816 413 rnosrno
840 364 913 413 nra.
937 367 977 414 rr.
1181 349 1243 415 181

139 504 308 570 memnon
331 506 464 585 docere,
488 528 526 573 se
553 516 589 571 et
612 514 688 573 ante
715 508 758 573 ad
779 500 1061 573 reconciliandum
1077 498 1243 573 Achillem

142 607 274 671 multos
297 607 440 685 misisse,
455 612 489 671 et
510 628 598 674 nnnc
621 608 703 673 nibil
727 608 818 673 alind
842 609 1063 673 coruinesse:
1092 607 1146 672 Ao
1161 627 1243 673 mox

146 704 311 789 Ulyssem
327 713 426 789 atque
448 708 560 790 ipsum
573 707 735 791 Ajacemc
757 728 861 786 orare,
887 709 1092 791 susciperent
1113 708 1242 789 nogoti-

146 824 221 883 um,
244 812 343 889 atque
365 806 409 871 nd
436 826 510 871 eum
532 810 666 873 nomine
682 810 827 872 omnium
851 806 950 886 ir'ent3
972 808 1122 872 maxime
1150 809 1241 891 qtrod

147 903 258 989 Ajax,
273 908 469 989 cognatione
483 905 614 985 iretns,‘¹
630 910 865 992 impetraturus
876 910 1010 973 reniam
1025 908 1161 973 facilius
1171 926 1243 972 ore-

149 1004 302 1069 debatur.
347 1008 450 1088 Igitur
462 1009 515 1071 his
528 1026 661 1091 operam
676 1027 773 1071 sunm
787 1008 1035 1091 pollicentibus,
1058 1010 1183 1073 iturum
1205 1028 1241 1072 se

148 1110 221 1171 u'na
243 1109 425 1173 Diomedes
450 1115 571 1191 sponte
599 1110 663 1173 ait:
701 1106 868 1187 [tarnis
891 1110 987 1186 actis,
1014 1110 1241 1190 Agamemnon

150 1206 267 1273 afferre
281 1208 421 1272 bostiam
431 1209 565 1273 lictores
573 1209 693 1292 jubet:
707 1228 836 1274 nomox
847 1210 981 1274 sublata
990 1228 1091 1291 snper
1100 1206 1245 1285 terram,‘

150 1326 229 1370 cnm
255 1308 335 1385 dno,
357 1310 476 1392 quibus
498 1311 697 1393 imperatum
722 1318 805 1388 erat,
828 1328 1028 1391 suspensam
1055 1309 1241 1386 retinerent,

151 1408 300 1487 gladium
315 1411 436 1491 ragina
450 1408 575 1484 educit,
595 1428 702 1491 eoque
725 1410 877 1475 bifariam
899 1386 1049 1472 excisinn
1061 1408 1241 1473 bostiam⁸

150 1508 185 1570 in
201 1517 381 1591 conspectu
398 1512 449 1574 uti
464 1510 631 1586 diviserat,
654 1508 818 1573 collocat:
840 1510 918 1572 dein
939 1510 1057 1572 ferrum
1080 1509 1239 1589 sangnine

152 1608 288 1672 oblitum
304 1630 403 1673 rnanu
418 1611 570 1686 retinens,
585 1612 691 1673 inter⁴
711 1613 884 1691 utramque
909 1608 998 1671 sacri
1020 1613 1148 1689 partem
1168 1627 1249 1671 rne-⁴

153 1706 359 1773 dinsvndit.h
388 1710 520 1773 [nterim
537 1707 724 1785 Patroclus,
740 1708 874 1790 cognito
889 1707 980 1791 qnod
996 1706 1187 1788 parabatur,
1201 1708 1236 1769 in

152 1810 329 1873 eonsilium
344 1810 545 1891 supervenit.
588 1809 637 1874 At
651 1827 720 1887 rex,
736 1810 824 1872 siout
837 1827 940 1891 snpra
955 1807 1115 1882 diximus,
1130 1812 1238 1871 trans·

152 1928 295 1988 gressus,
319 1910 361 1973 ad
376 1918 580 1993 postremum
591 1912 693 1993 jurat,
708 1909 904 1974 inviolatam
918 1928 939 1973 a
953 1928 990 1971 se
1003 1909 1039 1972 in
1060 1926 1137 1971 eum
1151 1906 1238 1971 diem

153 2008 417 2093 Hippodamiam
433 2010 615 2075 mansisse:
637 2026 746 2091 neque
768 2006 954 2091 cupiditate
974 2008 1059 2084 nlla,
1073 2012 1133 2071 aut
1148 2006 1237 2071 desi·

152 2108 242 2173 derio
263 2108 438 2192 lapsum*
459 2111 519 2174 sed
546 2112 606 2185 ira,
628 2128 697 2193 qua
720 2110 862 2193 plurima
889 2109 978 2173 mala
1005 2107 1238 2183 conficiuntur,

151 2227 301 2293 eousque
323 2212 534 2294 processisse.
587 2211 655 2275 His
679 2211 784 2289 addit,
807 2229 928 2293 copore
949 2228 986 2273 se
1013 2214 1185 2291 praeterea,
1208 2208 1238 2270 si

152 2312 249 2375 etiarn
264 2312 332 2395 ipsi
348 2312 523 2390 videretur,
538 2312 678 2391 filiarum
691 2332 770 2395 quae
786 2314 818 2377 ei
833 2310 928 2376 cordi
941 2307 1054 2375 essetk
1075 2310 1109 2373 in
1125 2306 1238 2375 matri·

597 2441 783 2466 ΟΡΜΜΙΝΙΟ

276 2513 292 2557 l
311 2508 407 2572 Delplr.
421 2509 503 2559 ia.-⁵
522 2508 613 2574 Delpb.
623 2515 651 2559 et
663 2511 732 2573 vulg.
742 2511 833 2582 haam.
866 2508 930 2572 Arg.
941 2505 1007 2558 cod.
1018 2507 1108 2590 ignat

181 2707 192 2733 ²
210 2694 403 2763 lllyirerrr'otqae
420 2699 495 2761 ipraar
505 2693 613 2763 linem]
638 2700 674 2750 U·
715 2700 878 2764 quandonon
890 2691 1239 2764 totarnboatiam‘rnper'tari

152 2775 249 2838 lysiam,
262 2771 380 2838 Ajacem,
390 2782 417 2824 et
427 2775 580 2825 Diomedem
592 2774 624 2825 nd
636 2774 673 2825 A·
714 2792 770 2827 rem
789 2777 961 2837 attollebant,
978 2775 1023 2824 aed
1042 2782 1121 2838 capnt
1138 2781 1238 2824 tantona

152 2851 249 2901 chiltern
267 2849 357 2911 iniase‘,
376 2849 448 2900 (licit.
478 2849 586 2899 Homer.
597 2851 673 2900 Pbre-
710 2853 879 2917 jugulumque
900 2851 933 2902 ad
952 2849 1044 2899 erelnm
1062 2847 1238 2912 invertebant,

151 2927 240 2983 nlcern,
264 2925 395 2990 Ulyssem,
412 2931 440 2973 et
462 2923 591 2986 Ajacem
609 2938 673 2988 quor
713 2933 853 2987 utcontra,
865 2939 923 2977 erran
934 2925 1050 2986 Plutoni,
1068 2925 1110 2973 rel
1128 2925 1186 2974 Diis
1199 2925 1238 2974 in·

152 3013 283 3065 ptaeoonea
303 2999 402 3048 Hodie·
422 3006 450 3048 et
468 3000 615 3062 Ettrybtttt
635 3013 675 3049 tt·
711 3003 774 3053 feria
791 3002 931 3065 iaelebant,
949 3001 1042 3051 boatirs
1060 3008 1139 3064 capnt
1159 3008 1237 3051 terrra

150 3076 304 3140 qnebsnrnr.
712 3079 878 3146 applicabant
890 3073 1115 3129 etinveniunt·

180 3151 192 3184 ⁴
204 3150 271 3212 Ajrrae
281 3149 514 3214 emansores]
531 3149 597 3214 Ajax
606 3149 673 3200 enim
745 3163 758 3198 r
770 3154 890 3215 ΒΜ.
899 3153 1004 3203 eseiam
1012 3147 1124 3210 helien]
1136 3148 1176 3197 De
1187 3149 1237 3198 lroe

150 3228 177 3274 et
192 3223 308 3273 Aebilles
326 3232 401 3272 erant
418 3225 510 3272 roaainr
522 3225 674 3282 ‘Gerusian
707 3230 763 3293 jam
773 3245 860 3293 snpra,

149 3299 259 3350 duorum
277 3298 384 3348 fratrum
402 3297 463 3359 tilii;
481 3298 555 3348 Pelei
574 3299 674 3349 acilicet
744 3303 803 3353 ΙΙΙιι
821 3309 943 3363 almare
962 3299 1025 3347 aseri
1039 3300 1131 3359 partera
1147 3297 1253 3346 misr·

149 3374 175 3428 el
186 3375 339 3426 Telamonlt·
711 3379 790 3443 redit]
806 3377 880 3426 Ferri
891 3379 989 3438 potest:
1006 3372 1091 3421 malirn
1103 3377 1189 3421 tamen
1200 3373 1238 3420 in·

179 3452 570 3518 ‘sgmemnnffmetmnam
580 3451 673 3501 lictores
713 3453 1110 3514 terntrsmqnentverunreat.
1133 3446 1176 3495 De
1186 3447 1237 3496 boe

144 3533 222 3595 jalel]
245 3530 298 3579 Sed
311 3529 406 3578 enrbic
416 3527 485 3576 istud
497 3526 617 3575 sacrificii
629 3541 672 3589 ge·
712 3540 784 3575 nrore
801 3525 869 3574 inter
885 3522 1002 3572 victimas
1018 3521 1168 3571 tranrenndi
1181 3523 1238 3586 jam

150 3621 206 3667 nus,
224 3604 292 3670 qnod
311 3605 336 3653 in
352 3601 559 3651 execrationibus
572 3609 672 3650 tantum
712 3615 800 3666 sopra.

150 3681 265 3744 nrorpari
276 3680 379 3728 rolitnrn
390 3679 447 3726 eati
465 3685 537 3726 certe
548 3679 614 3726 rnsla
625 3678 673 3728 boc
743 3673 872 3737 'lassad
899 3673 1025 3724 Achillem
1044 3684 1100 3722 eaae
1119 3673 1236 3723 scillcet:

149 3766 181 3805 es
193 3757 295 3820 ingenio
305 3767 353 3803 aun
364 3753 507 3801 immutarit
515 3751 619 3816 Dictys,
628 3754 673 3816 qni
712 3751 750 3801 ait
760 3752 937 3814 Agamemnon
947 3763 975 3798 se
986 3748 1113 3797 Acbillertr
1129 3749 1237 3797 laesisse.

150 3831 216 3894 apud
229 3829 372 3880 llomernnr
386 3827 495 3889 legerat,
506 3825 673 3888 Agamemno·
713 3825 774 3876 Non
792 3824 859 3890 qnod
879 3826 931 3874 nlla
941 3820 1087 3884 cupiditate
1097 3821 1239 3870 uderida·-

150 3921 205 3955 nern
218 3904 329 3968 jussisse
342 3909 370 3951 nt
381 3915 473 3965 aquam
490 3901 603 3951 ferrent:
622 3916 673 3966 qua
711 3900 749 3949 rio
761 3897 941 3961 Hippodamia
959 3902 1101 3956 teneretur,
1111 3893 1157 3942 sed
1168 3895 1237 3958 qnod

150 3981 224 4030 adata
236 3985 372 4042 poatqnam
384 3990 474 4025 manna
484 3976 612 4041 larernnt,
626 3977 673 4028 Jo-
711 3977 751 4026 ira
761 3982 831 4022 earet
842 3973 970 4021 incensor.
982 3991 986 4002 ·

152 4069 204 4104 rern
216 4053 383 4104 libationibus
396 4051 508 4100 venerati
520 4058 588 4100 runt.
744 4048 757 4082 ¹
773 4047 891 4100 Filiam
908 4059 961 4107 aaa
975 4043 998 4092 ei
1014 4042 1079 4091 cordi
1093 4042 1164 4106 aret]
1179 4043 1236 4096 Has

180 4127 297 4179 'merca
306 4141 378 4191 anper
387 4123 487 4187 terrem]
501 4125 535 4173 Ut
546 4139 578 4174 eo
587 4132 672 4175 osten·
711 4137 774 4176 mer.
785 4121 890 4172 lliad.1.
906 4121 970 4182 τρεῖς
980 4116 1008 4167 tl
1016 4135 1055 4178 μοι
1064 4116 1111 4167 alal
1122 4118 1241 4185 W'W·

151 4203 263 4266 hretar,
285 4217 343 4253 ennr
363 4199 423 4251 Jnrl
445 4200 577 4252 lmmolarl.
620 4200 672 4250 All·
712 4197 746 4248 lrl
766 4195 861 4260 min
883 4195 999 4258 drino,
1024 4194 1176 4260 Χρυσόθεμις,
1196 4197 1235 4246 eal
