2959 4875
617 356 826 405 Arruuurx.
1199 342 1265 409 349

172 512 274 591 utque
288 509 322 572 in
337 507 480 591 Epilogo
494 521 547 570 nr.
561 499 710 590 ejusdem
725 506 880 591 Vegetii:
895 508 955 591 sed
965 507 1001 571 bi
1015 510 1171 571 auctores
1186 516 1265 573 sunt

171 613 266 673 extro
288 626 398 675 oevum
420 613 625 691 argenteum:
650 615 687 672 ut
704 608 849 687 mittem,
871 610 934 674 bos
948 608 1151 675 vocabulum
1165 629 1263 675 usur·

172 726 255 793 pure
269 710 510 793 significatione
524 715 653 788 neutra,
664 718 768 793 etque
778 711 851 775 siue
862 730 945 776 cesn
958 709 1130 795 adjuncto,
1140 710 1264 795 Dictyn

172 830 232 877 sen
253 809 448 895 Septimium
470 811 609 895 passive
629 818 664 878 ct
684 830 769 876 casn
800 811 993 890 comitante,
1023 809 1113 895 qnod
1142 831 1265 877 novum

173 912 301 996 utique,
323 921 357 977 et
377 912 476 995 hujus
497 912 642 978 auctoris
664 920 894 977 commentum.
947 913 1075 977 lterum
1100 927 1128 977 r.
1151 911 1266 991 ‘Quis

172 1014 332 1100 perfectis
346 1032 426 1096 pure
438 1014 524 1079 lauti
540 1013 685 1079 Mortem
705 1019 807 1098 atque
829 1012 1051 1079 Concordiam
1073 1011 1187 1077 multis
1206 1014 1266 1077 im-

172 1114 409 1181 molationibus
422 1113 487 1179 sibi
503 1114 783 1199 adhospimrere:
820 1113 865 1179 Et
878 1133 979 1180 mox:
996 1115 1067 1180 ‘ite
1078 1134 1138 1199 per
1151 1133 1267 1198 aeqna·

174 1217 299 1281 fiunem
325 1215 454 1279 numeri
485 1219 586 1300 etque
614 1215 760 1297 pestium
789 1210 1055 1299 'quadripartitur
1079 1215 1268 1281 exercitus'

173 1316 202 1403 (‘
211 1316 486 1402 quadripertitur'
496 1324 608 1381 tumen
621 1316 765 1381 melioris
774 1316 926 1398 aeviest).
941 1332 981 1380 ιι.
993 1320 1003 1350 ‘
1015 1314 1156 1399 Egregie
1169 1316 1267 1381 nobis

175 1428 289 1485 actum
303 1425 355 1484 est
366 1418 386 1499 3’
407 1437 468 1503 pro
481 1418 665 1484 nobiscum.
703 1416 834 1482 Eodem
847 1416 954 1483 iibro:
972 1417 1057 1483 ‘Uti
1071 1418 1268 1500 interposite

170 1520 384 1606 jurisjurandi
407 1519 565 1602 religione
587 1516 829 1595 confirmarent,
845 1537 1056 1603 nequaquem
1078 1537 1116 1584 se
1135 1519 1180 1582 ob
1194 1537 1268 1583 enm

176 1640 313 1688 eausam
327 1619 473 1688 offendi!
517 1619 670 1685 Ibidem:
695 1618 766 1684 ‘At
787 1620 845 1684 ubi
867 1620 901 1683 in
922 1638 1039 1685 munus
1053 1624 1187 1684 ventum
1203 1625 1268 1695 est,

177 1724 338 1789 cohortati
352 1742 433 1787 suos
447 1724 594 1808 quisquo
609 1723 683 1787 scie
699 1721 882 1788 conflixere
893 1722 913 1803 ;'
934 1742 996 1805 pro
1007 1722 1051 1788 nd
1064 1741 1193 1787 monus.
1223 1720 1269 1785 Et

178 1823 380 1910 quibusdum
394 1823 594 1908 interjectis:
618 1821 690 1887 ‘At
703 1822 762 1887 nbi
775 1823 871 1888 novis
881 1822 1009 1906 jaculis
1024 1842 1142 1889 munus
1156 1821 1268 1887 reder-

176 1921 1268 2007 mstaesnnt,perguntcontra.’1v.‘Doinplnrimos,ntiqnemque

177 2027 264 2092 iutru
288 2025 390 2089 telum
410 2022 595 2101 fecerant*
622 2020 859 2105 [interficiunt]
883 2040 946 2105 pro
968 2027 1030 2087 ‘nt
1053 2024 1197 2107 quisque
1219 2021 1264 2088 nd

177 2128 233 2194 teli
255 2126 388 2210 jectum
408 2126 620 2209 pervenereb'
676 2123 720 2189 Et
744 2130 977 2206 postpauca:
1000 2124 1186 2208 ‘Tuncque
1219 2144 1271 2189 re-

178 2224 357 2293 tiuutibus‘¹
372 2227 503 2292 cunctis
511 2225 655 2291 ducibus
665 2244 784 2290 casum
797 2223 885 2289 tenti
897 2222 972 2299 viri,
981 2224 1115 2306 plurimi
1129 2224 1271 2289 militum

177 2329 269 2395 bend
285 2328 407 2406 dolore,
421 2346 542 2412 neque,
558 2328 608 2392 uti
622 2347 676 2392 res
691 2325 913 2411 exposcebat,
928 2324 1061 2390 tristis⁸
1081 2341 1271 2391 commore-

179 2430 230 2495 ri.'
273 2429 423 2496 Tandem
437 2448 552 2495 versus
565 2428 663 2494 finem
677 2428 828 2513 ejusdem
846 2426 944 2492 libri:
968 2430 978 2461 ‘
991 2426 1083 2492 Dein
1097 2424 1268 2511 subjungit

180 2527 420 2596 laomedontis
433 2528 608 2595 adversum
621 2529 800 2593 Herculem
820 2528 981 2592 fumosum
995 2523 1201 2612 perjurium,‘
1221 2530 1271 2594 in·

180 2641 394 2718 secutumque
409 2634 483 2717 ejus
498 2629 937 2718 utqueregnieversionem!
970 2646 1020 2692 vr.
1042 2630 1193 2695 ‘Solutis
1215 2649 1272 2695 en·

182 2735 372 2801 choralibus
384 2743 397 2780 ¹
409 2735 564 2817 navigent
575 2731 596 2815 ;'
610 2752 673 2818 pro
687 2732 852 2798 anchoris.
880 2730 948 2795 Sed
964 2729 1046 2814 qnid
1060 2731 1179 2795 nttinot
1189 2733 1225 2795 in
1236 2752 1271 2795 re

181 2837 319 2922 liquide,
336 2843 370 2902 et
391 2835 547 2901 consessu
568 2836 669 2902 verba
690 2833 836 2918 perdere,
851 2850 929 2896 cnm
951 2830 1054 2897 dictio
1074 2833 1150 2915 ipsu
1165 2851 1272 2897 aevum

182 2939 356 3005 obscurius
369 2936 538 3002 futestnri

216 3141 227 3167 ε
244 3133 274 3182 L.
285 3131 357 3182 ierit.
615 3121 620 3128 ’
751 3129 878 3194 Apparet.
894 3127 964 3176 sect.
975 3130 1001 3177 4.
1010 3139 1030 3176 r.
1042 3129 1098 3175 lis.
1118 3125 1217 3176 udor.
1228 3127 1275 3176 Vi·

217 3205 230 3240 ¹
248 3207 280 3257 1..
291 3203 454 3256 deflentibus.
751 3217 796 3253 rer
811 3203 844 3252 de
867 3201 997 3252 medendis
1013 3199 1162 3263 Disciplinir
1178 3213 1206 3249 v.
1217 3205 1275 3250 tos.

217 3290 229 3316 ²
246 3283 275 3332 b.
286 3281 401 3332 tristitie.
751 3276 879 3328 Fernund.
897 3275 931 3325 de
948 3275 1067 3325 Cordors
1084 3274 1109 3323 in
1129 3275 1277 3327 Didmcnlie

218 3356 228 3389 ¹
243 3358 272 3408 L.
284 3355 384 3407 inmens
402 3355 524 3420 perjuris·
751 3350 944 3416 muidpiich.
963 3349 1275 3402 CLSnlmmiundArsm

218 3439 231 3474 ⁸
249 3431 305 3480 biv.
316 3429 477 3493 Plininr,siii.
752 3427 885 3479 Dosisdn.
895 3429 951 3476 24⁸.

221 3503 357 3556 Adduntur
372 3504 498 3556 Antonius
511 3502 667 3555 Porreviuur
685 3501 710 3552 iu
