2959 4875
248 320 271 385 8
597 332 788 383 sosavnus
810 334 999 383 sounvona

249 476 337 542 trina
357 474 457 557 primi
471 475 546 540 libri
562 477 686 541 seimus
710 474 916 541 Neomenias
940 476 1018 540 anni
1033 475 1149 540 Graeci
1165 476 1344 560 popularis

250 577 424 661 pervagari
438 594 585 641 mensem
599 576 764 657 integrum
785 578 821 641 in
842 575 949 640 forma
962 576 1110 640 Juliana.
1155 577 1346 641 Hecatom·

247 678 356 753 baeon,
371 677 464 744 verbi
479 678 596 759 gratio,
608 675 791 759 aliquando
806 676 968 742 inuiditin
985 692 1024 743 x.
1045 676 1068 739 J
1071 676 1143 753 ulii,
1158 675 1344 759 aliquando

251 778 285 841 in
298 794 348 840 vu.
364 776 520 859 Augusti.
564 776 668 859 Igitur
682 776 779 841 sidus
790 777 885 861 quod
904 796 1045 858 vespere
1058 774 1253 840 Neomenias
1268 776 1348 839 He·

250 877 609 955 catombaeonisorltur,
624 877 657 939 in
672 877 781 960 primo
794 896 883 941 anno
899 877 1024 958 periodi
1032 875 1168 951 Atticae,
1179 894 1245 938 non
1258 876 1347 938 orie·

250 980 304 1037 tur
318 976 351 1039 in
366 976 485 1041 eudem
502 975 535 1041 N
538 976 704 1054 eumenia,
720 976 854 1059 quando
876 976 1146 1041 Hecatomboeon
1158 977 1223 1039 evit
1238 976 1273 1038 in
1289 990 1345 1036 vn.

250 1070 408 1156 Augusti.
451 1075 634 1158 Propterea
648 1076 894 1158 Parapegmata
908 1075 952 1139 ab
968 1074 1150 1139 artificibus
1164 1074 1347 1156 proposita

252 1182 356 1252 erant,
378 1194 420 1240 ne
442 1177 563 1257 vulgus
586 1177 620 1241 in
642 1176 760 1241 eadem
775 1175 963 1241 Neomeoia
985 1194 1117 1257 mmper
1138 1174 1224 1239 idem
1246 1174 1347 1238 sidus

251 1275 329 1339 oriri
344 1282 405 1339 aut
418 1276 570 1340 occidere
585 1281 731 1361 putaret.
777 1274 879 1354 Quod
894 1284 1007 1341 tamen
1021 1277 1139 1357 vulgus
1149 1274 1348 1356 negligebat

252 1373 339 1439 odeo
364 1381 402 1439 nt
415 1376 553 1458 quidam
576 1376 646 1440 dux
668 1376 760 1459 apnd
787 1377 980 1461 Polybium,
994 1397 1071 1441 cum
1085 1375 1264 1449 adortum,
1283 1382 1348 1439 ant

252 1495 412 1542 oceasum
427 1476 600 1541 Pleiadum
616 1476 698 1562 (nnn
714 1480 848 1543 memini
870 1486 978 1543 utrum
998 1478 1110 1553 fuerit)
1122 1476 1347 1552 condixisse&

251 1594 319 1641 non
333 1578 423 1641 venuit
436 1577 482 1643 ad
495 1578 721 1644 constitutum.
751 1577 872 1643 Falsus
885 1580 1038 1644 nimirum
1051 1576 1237 1643 desultorio
1253 1594 1348 1639 men·

251 1676 337 1739 sium
352 1676 436 1757 situ;
458 1696 557 1760 quem
567 1696 633 1741 non
643 1677 922 1743 consideraverat
964 1678 1055 1742 Dum
1069 1675 1169 1759 igitur
1181 1675 1224 1739 de
1238 1681 1356 1756 capto

252 1774 319 1841 llio
334 1776 527 1858 generaliter
538 1784 615 1842 sunt
629 1779 811 1843 sentemioe.
856 1776 1001 1855 Quidam
1015 1778 1103 1843 enim
1118 1776 1234 1840 multis
1244 1774 1349 1839 annia

252 1893 355 1959 supra
374 1876 633 1961 quadringentos
659 1885 734 1941 onte
762 1878 907 1961 primam
935 1877 1170 1962 Olympiadem
1202 1882 1349 1959 ponunt.

253 1972 325 2039 Alii
350 1982 471 2058 praeter
496 1977 765 2077 quadringentos,
773 1972 871 2056 octo,
890 1986 1030 2062 septem,
1044 1998 1119 2057 sex,
1137 1984 1171 2043 et
1191 1977 1348 2061 quinque

252 2080 377 2141 tantum
393 2084 527 2159 ponunt.
560 2077 832 2144 Horumtantum
841 2081 940 2145 nobis
948 2079 1103 2157 habenda
1112 2079 1211 2155 vatio,
1225 2084 1261 2143 et
1268 2077 1350 2161 qni·

252 2172 329 2241 dem
346 2176 430 2241 inter
442 2195 503 2241 eos
515 2197 641 2255 eorum,
651 2181 708 2262 qui
722 2178 838 2245 Attiou
853 2182 1081 2265 scripsemntt
1103 2200 1248 2263 quorum
1259 2197 1350 2245 nnus

252 2292 436 2341 consensus
450 2283 503 2342 est
517 2278 552 2341 in
566 2298 677 2345 mense
687 2286 724 2343 et
738 2279 793 2345 die
804 2282 937 2345 mensis.
982 2280 1109 2345 Omnes
1122 2282 1211 2344 enim
1228 2287 1351 2364 fiam·

251 2374 435 2462 nevuflytty
451 2374 588 2452 οθίνοντος
609 2378 673 2444 hoe
688 2382 864 2462 contigisse
873 2381 1001 2447 dieunt.
1045 2380 1086 2448 ln
1105 2380 1202 2446 annis
1216 2380 1349 2446 Tetroe·

253 2476 372 2540 tevldis
387 2479 523 2542 variant.
567 2479 695 2562 Vulgus
718 2481 807 2548 solet
819 2481 969 2547 dividere
983 2501 1129 2547 mensem
1143 2483 1291 2548 lunarem
1308 2485 1348 2548 in

252 2575 468 2657 novilunium,
482 2580 659 2663 septimam
679 2583 806 2659 lunam,
820 2583 1048 2666 plenilunium,
1070 2591 1107 2648 et
1129 2585 1308 2666 septimam
1324 2603 1350 2652 a

252 2675 334 2741 fine:
346 2697 432 2761 quas
443 2677 626 2746 divisiones
635 2682 838 2764 quadrantes
852 2683 943 2750 luuue
960 2692 1102 2748 vocant:
1117 2684 1213 2748 aliter
1221 2692 1350 2750 vocant

251 2775 405 2858 primam,
442 2780 631 2861 septimam,
653 2783 977 2865 quintamdecimam,
1001 2786 1196 2857 vicesimam
1223 2801 1349 2849 seeum

253 2874 342 2940 dem.
385 2875 499 2942 Groeci
522 2878 689 2965 φνγγᾶριον,
708 2881 863 2967 διχόμηννν,
893 2882 1072 2961 πανσέληνον,
1096 2881 1239 2969 dexippo
1261 2884 1350 2948 ύοτί·

252 2997 316 3059 ραν.
359 2975 428 3040 Hm
442 2983 583 3059 quatuor
602 2981 730 3046 lunatis
751 2985 871 3048 mensis
892 2985 1080 3051 divisiones
1101 2986 1234 3050 suntin
1254 2987 1347 3051 viee·

253 3073 341 3140 sima
354 3077 466 3154 tertia,
480 3079 553 3143 sive
568 3077 654 3166 tylty
667 3079 800 3163 φθίνοντος
815 3092 1022 3170 θαργηλιῶνος.

297 3175 411 3240 Primo
436 3176 564 3261 quippe
577 3198 665 3246 anno
680 3182 928 3264 Tetreeteridos,
949 3185 1112 3251 vicesima
1126 3187 1224 3252 tertia
1236 3187 1347 3252 Thar-

253 3275 403 3358 gelionos
426 3282 478 3341 eet
499 3279 607 3360 prima
628 3281 720 3360 luna,
744 3284 779 3348 in
803 3287 951 3352 secundo
965 3307 1051 3352 anno
1070 3293 1126 3350 est
1139 3288 1293 3370 septima,
1307 3289 1345 3352 in

252 3376 351 3442 teatio
375 3381 427 3441 est
453 3378 684 3461 plenilunium,
708 3383 743 3448 in
765 3395 887 3468 qnmto
908 3395 962 3454 est
991 3389 1156 3454 vicesima
1182 3389 1344 3454 moundu.

254 3475 385 3540 Rursus
411 3477 446 3540 in
467 3479 629 3547 vicesima
654 3487 753 3550 tertia
771 3487 1012 3571 'l'nmgelionos
1034 3489 1113 3554 anni
1136 3489 1247 3571 primi,
1261 3489 1345 3554 luna

253 3575 381 3642 oceidit
398 3577 512 3644 statim
535 3600 685 3666 vespere.
728 3587 770 3652 In
793 3608 879 3657 anno
903 3589 1065 3665 seeundo,
1080 3588 1208 3652 occidit
1231 3591 1344 3654 media

254 3681 361 3742 nocte.
399 3677 440 3742 In
454 3699 540 3747 anno
554 3679 665 3762 tertio,
680 3706 742 3769 per
751 3694 854 3754 totam
868 3698 1003 3769 noctem
1018 3692 1120 3754 lueet.
1151 3689 1191 3752 ln
1206 3678 1342 3772 quarto,

253 3776 358 3842 oritur
373 3797 395 3842 a
414 3780 527 3846 media
540 3789 650 3848 nocte.
696 3785 767 3864 Qui
789 3791 887 3872 igitur
897 3791 975 3855 4⁰8.
989 3791 1087 3855 annis
1106 3798 1183 3853 aute
1198 3791 1343 3872 primam

253 3875 486 3961 Olympiadem
505 3889 640 3965 captum
664 3883 753 3951 [lion
776 3891 902 3968 volunt,
928 3892 1118 3956 necessario
1132 3908 1221 3954 anno
1242 3892 1344 3954 tortio

251 3975 491 4044 Tetroeterldos
512 3980 577 4047 hoc
593 3987 777 4068 contigisse
793 3991 918 4056 volunt.
963 3991 1145 4058 Nam‘loe
1161 3991 1240 4055 anni
1254 3997 1343 4054 retro

253 4079 358 4157 putati
384 4078 538 4150 desinunt
551 4083 585 4146 in
601 4087 655 4150 49.
674 4107 797 4156 annum
813 4094 943 4176 periodi
958 4092 1158 4177 Olympium,
1172 4091 1343 4173 siquidem
