2959 4875
600 394 871 443 uunlctroma.

446 540 539 602 Beue
556 557 659 623 quam
673 536 800 602 munita
815 544 923 603 tenere

275 638 375 704 Edita
390 638 541 704 doctriua
555 640 740 724 sapientum
756 641 881 724 templa
897 659 1024 705 serena.
1047 636 1173 702 Lucrct.

187 740 255 818 vel,
278 748 316 806 ut
329 732 438 806 Varro
452 740 596 818 dicebat,
614 739 758 823 legendo
779 746 812 805 et
835 741 1012 806 scribendo
1027 741 1132 806 vitam
1156 738 1280 823 produ-

188 859 262 904 cere
274 864 283 907 :
295 862 411 907 revera
426 842 477 907 illi
490 862 612 925 magna
625 842 785 925 voluptas
800 854 863 921 cst,
880 844 986 907 bonos
996 851 1151 908 auctores
1168 841 1281 905 novis-

189 962 238 1019 se,
253 943 361 1026 major
380 943 591 1027 possedisse,
605 944 756 1009 maxima
774 946 895 1028 legisse
912 950 946 1009 et
966 945 1184 1027 persolvisse,
1200 942 1281 1026 qnid

189 1042 301 1107 dicam
314 1045 348 1108 iu
361 1064 458 1109 nsunt
475 1048 638 1111 vertisset
682 1046 751 1110 Sed
765 1067 808 1111 ne
824 1055 923 1111 extra
937 1048 1044 1123 oleae,
1061 1050 1107 1123 et,
1123 1044 1214 1128 quod
1231 1044 1281 1107 di-

117 1208 122 1221 ,
188 1144 281 1223 citur,
296 1148 423 1211 omissa
436 1147 565 1231 hypera
579 1149 701 1231 pedem
717 1149 838 1213 sectari
853 1148 980 1223 videar,
995 1149 1120 1232 accipe,
1130 1148 1180 1211 vir
1191 1164 1281 1229 mag-

90 1328 94 1335 ,
189 1244 299 1325 nifice,
316 1248 474 1313 Iscanum
495 1247 637 1313 Pactam
659 1247 951 1331 elegantissimum,
965 1249 1000 1313 iu
1019 1269 1053 1314 re
1072 1248 1198 1329 vulgari
1214 1265 1281 1309 non

188 1345 370 1428 vulgariter
384 1358 560 1427 versatum,
575 1351 675 1434 cujus
689 1370 810 1415 nomeu
825 1356 874 1416 tot
889 1351 951 1416 viri
966 1350 1058 1426 docti
1076 1350 1179 1415 anxie
1193 1348 1282 1412 desi-

182 1445 356 1525 derarunt,
370 1452 465 1536 cujus
478 1452 653 1517 sententiis
671 1471 753 1517 auro
778 1458 893 1517 contra
914 1454 1001 1517 caris
1025 1471 1089 1517 nou
1113 1449 1282 1531 Philologi

187 1556 328 1628 tautum,
343 1551 402 1615 ssd
422 1559 456 1615 ct
475 1549 555 1616 Jcti
579 1553 631 1617 usi
654 1558 740 1617 sunt.
785 1551 911 1617 Vident
935 1554 1042 1617 lucem
1065 1554 1127 1618 sub
1142 1550 1220 1616 luce
1234 1550 1282 1613 tul

186 1652 345 1729 dominis,
360 1654 417 1736 qui
431 1660 499 1717 tam
522 1651 580 1716 diu
595 1652 627 1717 in
650 1653 797 1719 tenebris
811 1652 905 1717 nullo
921 1672 985 1717 sno
1000 1654 1116 1717 merito
1131 1650 1281 1715 delituit:

190 1760 250 1816 tna
266 1752 358 1835 Mag.
374 1753 418 1818 ad
433 1772 557 1819 novam
578 1754 689 1820 lucem
702 1754 874 1836 caliganti,
889 1751 1092 1841 χειραγωγῐας
1113 1751 1283 1835 adjumen-

190 1862 260 1916 tum
284 1864 319 1917 et
341 1854 489 1919 savorem
505 1853 695 1939 indulgeat:
716 1875 759 1921 ea
780 1862 840 1921 tua
856 1857 1048 1921 humanitas
1063 1862 1126 1932 est,
1141 1859 1176 1917 ut
1190 1851 1283 1927 velit,

190 1973 233 2018 ea
244 1955 426 2019 auctoritas
441 1963 476 2019 et
491 1956 648 2040 dignitas,
659 1962 696 2021 ut
708 1959 830 2040 possit.
852 1957 948 2023 Utin
963 1957 1061 2022 illuni
1073 1961 1170 2019 nocte
1185 1949 1284 2017 stella

191 2055 299 2119 oriens
315 2056 502 2137 gratissima
517 2063 590 2136 est3
612 2058 663 2121 sic
688 2058 722 2123 iu
743 2058 856 2123 media
876 2058 1028 2122 barbarie
1044 2056 1142 2139 qnasi
1159 2059 1282 2122 renata

189 2158 349 2241 placeant
363 2160 528 2224 strictura
544 2160 752 2243 elegantioris
770 2159 932 2244 poeticae:
962 2160 1038 2243 jure
1060 2159 1149 2223 enim
1167 2157 1283 2227 merito

187 2258 272 2324 ,illud
286 2259 432 2325 Menelai
448 2262 489 2326 de
504 2282 541 2326 se
556 2270 665 2344 neget,

275 2359 518 2447 Βεβαρβᾶρωμαι,
530 2360 641 2450 χρόνιος
655 2360 693 2425 riv
706 2364 734 2426 ir
747 2360 913 2449 βαρβάροις.
941 2360 1055 2446 Eurip.
1075 2357 1176 2425 Oresl.

232 2462 289 2526 Ad
302 2483 354 2527 ma
371 2464 462 2547 quod
477 2466 604 2542 attinet,
621 2467 740 2549 pignus
753 2466 817 2529 hoc
833 2465 947 2529 devoti
966 2465 1068 2529 animi
1083 2461 1174 2546 apud
1192 2471 1283 2525 tuam

192 2565 284 2646 Mag.
299 2563 449 2647 depono,
464 2585 542 2648 qnae
560 2567 589 2628 si
609 2565 692 2630 illud
715 2567 883 2647 acceperit
902 2571 1060 2647 nuquam
1082 2583 1201 2640 mcum,
1221 2560 1282 2626 sed

189 2665 258 2748 ipsi
272 2665 434 2742 debiturn,
450 2673 484 2729 et
502 2665 687 2729 defenderit
706 2675 866 2747 tanquam
888 2683 996 2740 suum,
1011 2665 1069 2727 sed
1090 2683 1112 2728 a
1133 2685 1186 2727 me
1207 2681 1284 2744 pro-

191 2768 327 2844 lectam,
344 2772 521 2850 acceptum
533 2766 618 2830 illud
634 2771 668 2831 et
682 2785 758 2830 vere
772 2771 947 2848 acceptum
959 2765 1126 2848 gaudebo:
1160 2765 1209 2827 sic
1223 2763 1246 2829 J
1249 2783 1285 2832 ο-

191 2868 314 2952 sephus
325 2873 450 2946 noster,
474 2865 518 2931 lrl
535 2867 595 2930 δυσὶ
611 2865 752 2962 dyadem
764 2866 902 2945 σαλεύων,
913 2865 1122 2942 commodius
1136 2864 1282 2941 habebit,

321 2967 405 3032 Cum
421 2969 542 3034 melius
558 2969 624 3034 duo
640 2968 824 3033 defendant
837 2967 1020 3032 retinacula
1032 2966 1154 3032 nanim.

193 3070 288 3162 Deus
310 3075 401 3134 tuam
417 3069 559 3152 Magnis.
580 3071 778 3160 reipublicae
799 3069 930 3136 florenti
945 3069 1122 3145 florentem,
1136 3065 1283 3146 mihique

190 3169 357 3242 laventem
372 3170 428 3236 diu
445 3177 620 3238 conservet
635 3179 669 3236 et
683 3171 839 3255 sospitet.

518 3427 522 3436 '
536 3427 612 3491 Tua
624 3423 765 3508 Magali.

661 3627 719 3712 qui
734 3623 816 3692 colit
833 3631 866 3690 et
881 3625 1028 3691 aestimat

820 3847 980 3911 Sauone
1005 3847 1241 3909 [inuasurus
