2959 4875
483 352 532 398 un
558 350 686 400 nxcrn.
709 353 836 403 rantur
860 342 1017 405 uranon.
1228 345 1295 412 alr

204 509 279 554 acre
294 496 328 555 et
343 491 532 557 iracundum
548 495 603 559 lit:
626 496 831 560 fortissimus
846 498 988 580 quisque
1010 498 1045 561 in
1060 498 1177 581 primis
1192 500 1294 567 cadit.

203 591 334 657 Hector
349 593 543 659 Patroclum
559 596 707 674 occidit,⁸
719 604 751 661 et
765 617 841 661 enm
856 598 1004 680 spoliare
1018 605 1127 681 parat.
1164 598 1295 666 Marion

202 691 301 755 eumb
326 712 368 758 ex
394 695 468 759 acie
491 714 535 760 ue
562 699 763 779 spoliaretur
787 700 923 781 eripuit.
968 699 1097 763 Hector
1111 699 1295 786 Merionem

202 796 411 878 persequitur
424 804 459 861 et
473 797 620 862 occidit.e
651 799 759 877 Quem
776 818 852 863 cum
865 799 1018 863 similiter
1028 800 1170 883 spoliare
1186 802 1295 877 vellet,

202 897 340 960 advenit
354 900 530 981 suppetias
541 898 747 976 Mnestheus,
758 900 922 964 Hectoris
934 900 1041 964 lemur
1050 902 1200 965 sauciat:
1216 921 1291 965 sau·

202 998 276 1061 cius
290 1016 423 1080 quoque
438 999 544 1062 multa
558 1000 659 1063 millia
674 1000 816 1064 occidit:
840 1007 875 1063 et
888 1007 1134 1083 perseverasset
1148 999 1294 1066 Achivos

201 1098 329 1161 mittere
344 1100 378 1161 in
393 1098 516 1181 lugam,
537 1099 603 1163 nisi
617 1100 737 1163 obvius
753 1099 801 1163 illi
817 1099 910 1182 Ajax
923 1100 1139 1164 Telamonius
1153 1100 1294 1181 inisset3

201 1217 276 1262 cnm
287 1218 353 1283 quo
367 1200 445 1263 dum
461 1200 718 1283 congrederetur,
733 1203 892 1284 cognovit
901 1220 977 1265 eum
992 1220 1067 1265 esse
1076 1200 1118 1265 de
1131 1202 1292 1282 sanguine

202 1298 290 1375 ειιο,ει
304 1303 465 1365 eratenim
478 1301 520 1365 dc
532 1301 812 1366 Hesionaaorore
826 1301 951 1367 Priami
963 1309 1072 1366 natus.
1096 1299 1177 1378 Quo
1189 1310 1292 1383 pacto

202 1400 333 1465 Hector
346 1418 366 1463 a
378 1403 520 1467 navibus
536 1402 644 1483 ignem
661 1404 821 1467 removeri
831 1404 949 1487 jussit,
964 1409 997 1467 et
1010 1404 1142 1485 utrique
1157 1422 1194 1466 se
1208 1402 1292 1465 invi-

201 1520 271 1567 cem
286 1510 547 1579 muneraverunt,
558 1511 590 1567 et
604 1504 703 1567 amici
719 1503 958 1569 discesserunt.
985 1504 1127 1567 Postera
1139 1502 1194 1566 die
1207 1502 1293 1567 Gra-

196 1603 330 1685 jugcnee
346 1603 496 1669 inducias
511 1610 641 1687 petunt.
684 1605 764 1687 [20]
776 1604 928 1669 Achilles
945 1603 1139 1668 Patroclum
1150 1604 1293 1685 plangit,

201 1701 404 1785 Grajugenm
419 1724 511 1768 suos.
554 1702 786 1786 Agamemnon
804 1704 1026 1769 Protesilaum
1048 1703 1227 1785 magnifico
1241 1704 1293 1765 sn·

200 1822 275 1867 nere
286 1804 388 1881 effert,
404 1814 596 1888 ceterosque
610 1805 818 1886 sepeliendos
833 1811 941 1869 curat.
969 1803 1121 1869 Achilles
1136 1804 1292 1869 Patroclo

200 1904 300 1968 ludos
321 1905 474 1969 funebres
495 1906 588 1971 lacit.
633 1907 723 1971 Dum
739 1907 886 1971 induciae
901 1912 990 1983 sunt,
1008 1905 1206 1969 Palamedes
1225 1924 1292 1970 nou

201 2011 314 2069 cessat
328 2006 523 2071 seditionem
539 2006 669 2070 facere:
692 2006 861 2089 indiguum
885 2026 993 2087 regem
1006 2005 1291 2088 Agamemnonem

199 2122 274 2169 esse
288 2109 345 2189 qni
359 2109 523 2171 exercitui
545 2108 687 2187 imperet
705 2112 740 2171 et
753 2107 925 2170 indoctum
940 2105 1039 2169 dixit.
1085 2106 1163 2187 Ipse
1180 2086 1292 2181 coram

200 2210 349 2272 exercitu
365 2208 471 2272 multu
485 2227 548 2271 sua
561 2208 709 2272 ostendit
724 2208 861 2287 studia·
906 2205 1020 2271 Primo
1036 2224 1133 2269 auam
1151 2224 1293 2269 exscen-

201 2308 341 2383 sionem,
368 2314 553 2372 castrorum
579 2308 805 2383 munitionem,
832 2307 1016 2390 vigiliarum
1047 2305 1291 2381 circuitionem,

201 2406 286 2488 signi
300 2404 490 2486 dationem,s
501 2409 656 2473 librarum
672 2407 921 2492 ponderumque
935 2408 1189 2486 dimensionem,
1199 2426 1293 2472 exer·

201 2508 353 2592 citusque
364 2510 606 2576 instructionem
617 2509 773 2574 ostendit.
789 2511 962 2574 Herceum
974 2529 1039 2572 ase
1049 2509 1291 2583 actaiuiasent,

179 2663 182 2670 .
200 2627 265 2672 non
279 2607 412 2692 'aequnm
430 2629 519 2687 esse,
534 2629 609 2673 cum
624 2629 645 2672 a
659 2609 779 2690 paucis
793 2610 965 2691 imperium
982 2606 1096 2672 datum
1111 2607 1291 2691 Agamem·

202 2712 278 2773 noni
300 2717 439 2787 esset,²⁸
462 2729 538 2773 eum
559 2711 713 2773 omnibns
728 2712 786 2792 qui
800 2717 921 2794 postea
935 2710 1166 2775 convenissent
1187 2710 1292 2790 impe·

234 3007 250 3050 2
267 3003 350 3052 Vocet
360 3017 412 3052 cunr
424 3008 452 3050 et
463 3006 521 3051 earet
533 3001 686 3050 omittuntur
697 3001 790 3064 Delplr.

695 3141 802 3191 NOTAE

235 3239 353 3288 ¹Hector
367 3239 505 3294 Patroclum
518 3239 615 3302 occidit]
640 3238 671 3288 ln
687 3253 726 3287 ae·
767 3253 825 3287 curu
845 3237 968 3286 Patroclo
986 3236 1019 3284 ab
1036 3235 1152 3284 Hectora
1170 3233 1293 3293 occisum,

203 3315 288 3364 cunda
304 3329 388 3376 pugna
401 3315 549 3364 Patroclum
566 3315 676 3364 occiaum
688 3314 727 3364 lu·
767 3313 831 3362 dicit
842 3312 933 3359 Dares.
966 3310 1042 3360 Quod
1063 3323 1095 3358 ex
1115 3308 1229 3356 Homero
1245 3307 1294 3356 lal-

202 3392 252 3438 iare
269 3391 333 3438 dicit
345 3391 436 3446 Daret,
454 3398 545 3440 contra
560 3405 660 3440 omnem
677 3393 726 3440 nis·
766 3403 822 3438 anm
833 3394 884 3443 eat,
894 3387 937 3450 qui
952 3398 1075 3448 nusquam
1086 3383 1211 3432 Meriouia
1227 3397 1294 3430 rnor-

204 3467 278 3516 toriae
290 3465 375 3516 tidem.
768 3472 821 3513 tem
831 3460 957 3510 narrarit.

235 3541 246 3574 l
263 3543 356 3590 Marica
367 3540 429 3602 eurr]
448 3541 553 3592 Hecerr
564 3541 677 3591 Homero
685 3556 727 3589 ac.
798 3537 811 3571 Ι
829 3536 946 3598 cognorit
955 3550 1008 3584 eata
1018 3549 1067 3584 erae
1077 3533 1106 3582 dc
1115 3531 1231 3593 scaniae
1239 3531 1293 3593 aaa]

202 3618 282 3680 cepit,
303 3618 346 3666 red
366 3633 397 3666 ea
413 3619 567 3668 immutavit.
600 3617 729 3667 Homerus
767 3613 834 3662 'l'ota
844 3612 902 3661 hare
912 3611 1017 3661 lriatoria
1029 3611 1062 3658 de
1073 3607 1220 3671 cognitione
1232 3605 1293 3669 Aja-

202 3695 270 3742 enim
282 3694 429 3743 Patroclum
440 3693 472 3742 ab
485 3694 599 3742 Hectore
615 3692 727 3742 occisum
768 3690 803 3738 eia
814 3696 843 3738 et
853 3688 977 3738 Hectoris
987 3703 1002 3736 a
1013 3689 1113 3741 Darete
1123 3682 1245 3734 conficta.

202 3778 229 3817 et
241 3770 380 3833 spoliatum
396 3768 470 3829 dicit,
485 3777 578 3830 postea
593 3767 728 3816 advenisse
800 3773 811 3800 ⁸
827 3764 1073 3816 Hattuaaaoatendit
1086 3758 1178 3819 eadm]
1201 3757 1293 3806 Serre

201 3843 358 3904 Menelaum,
370 3842 488 3905 Ajacem,
505 3841 660 3902 Marionem,
679 3843 728 3890 &c
766 3840 881 3899 dentes,
899 3853 937 3888 aea
953 3838 1112 3886 dtcoaurtea·
1143 3833 1184 3880 De
1202 3831 1233 3879 iia
1250 3845 1293 3879 au·

202 3919 247 3983 qni
259 3918 372 3969 Patrocli
383 3917 496 3968 cadaver
513 3917 621 3966 Hectori
634 3915 726 3966 adime·
768 3928 824 3978 pra,
832 3912 901 3976 apud
913 3913 1021 3975 Dietyn.

201 4005 268 4058 rent,
279 4004 307 4045 et
319 3996 350 4045 ad
363 3995 469 4046 Graeca
480 3991 616 4044 referrent.
800 3986 809 4020 ¹
822 3987 895 4048 Signi
904 3985 1034 4048 dadam]
1050 3982 1161 4046 Gallice,
1171 3984 1193 4032 te
1203 3986 1260 4030 arat.

188 4065 194 4081 ⁵
234 4079 244 4105 ⁰
273 4071 364 4120 Hector
383 4071 516 4119 Manum
535 4066 683 4130 proamitae
704 4071 726 4116 et
800 4065 852 4114 tA
872 4065 954 4126 paacia
978 4062 1103 4124 imperium
1123 4061 1205 4108 datam
1225 4057 1291 4118 Aga·

203 4149 299 4212 occidit]
325 4146 469 4198 Merionem
486 4145 511 4194 in
530 4142 621 4192 eadem
640 4153 727 4205 pugna
767 4140 894 4202 mail
923 4138 1016 4189 Oratio
1036 4151 1085 4187 non
1107 4133 1224 4199 procedit
1244 4133 1292 4181 ulai
