2959 4875
298 331 473 383 susurres
497 330 651 381 vossius
676 332 725 379 ns
749 332 864 380 nrcrr
889 334 1034 383 osseo.
1171 320 1213 385 13

166 474 273 539 Etiam
294 473 418 556 Dictys
442 470 610 538 Cretensis
626 469 717 535 bello
736 470 884 554 'l'rpjeno
901 472 1082 537 idomenes
1095 494 1214 558 seque·

128 576 228 651 betur,
239 594 278 640 ec
290 581 413 657 preter
429 570 561 650 Italico,
572 571 677 637 Suide
688 578 789 648 teste,
802 573 898 637 libris
908 593 1026 639 uorem
1042 576 1215 657 consigne-

129 677 173 739 rit
197 678 316 740 bellum
343 675 547 757 Trojnuom:
584 672 757 737 Homerus
780 678 888 737 eutem
908 694 983 738 eum
1006 676 1040 739 in
1063 674 1215 759 poimete

130 794 185 839 suc
211 779 265 839 est
287 779 445 839 secutus:
476 778 511 838 ut
525 772 658 855 quidem
687 778 875 838 auctorest
898 775 1052 853 Testues,
1076 776 1163 840 Chii.
1180 792 1216 837 v.

133 876 216 939 llist.
230 876 286 939 ³0.

118 1014 119 1023 ι
168 976 267 1041 Porro
283 996 329 1042 ex
346 976 450 1059 Dicty
464 979 498 1040 et
516 975 638 1041 Derete
657 975 865 1059 depromtom
882 994 959 1041 esse
983 984 1095 1043 oeueet
1108 980 1216 1046 Scali-

131 1096 189 1160 ger,
210 1077 316 1161 quod,
348 1082 467 1143 contre
487 1076 629 1142 Homeri
653 1084 688 1141 st
709 1078 851 1142 eliorum
873 1080 1118 1157 auctoritatem,
1141 1100 1218 1164 per·

131 1176 284 1261 scripturn
300 1180 403 1243 estin
418 1176 586 1243 Chronico
601 1176 739 1243 Eusebii
754 1179 797 1242 sd
812 1197 866 1243 nn.
882 1194 1082 1245 rocccnxu.
1126 1180 1218 1247 Heo-

131 1280 204 1343 toris
227 1278 322 1343 tilios
348 1278 449 1343 Ilium
471 1280 651 1361 recepisse,
675 1280 831 1363 expulsis
860 1278 1041 1345 Antenoris
1057 1284 1218 1363 posteris,

133 1379 259 1443 Helene
275 1378 467 1443 subsidium
481 1376 615 1444 terente.
642 1377 733 1457 Quin
749 1379 915 1464 hodieque
928 1388 1047 1445 extent
1062 1383 1219 1467 anonymi

132 1478 191 1543 duo
203 1479 246 1544 de
270 1466 369 1543 bello
384 1478 545 1561 Trojano,
560 1480 618 1562 qui
642 1480 878 1561 consignarunt
898 1482 1014 1559 libros,
1028 1502 1129 1547 unum
1156 1484 1220 1547 sub

131 1580 252 1645 nomine
281 1580 410 1663 Dictys
436 1578 620 1656 Cretensis,
649 1580 790 1645 ulturum
810 1599 892 1647 vero
911 1580 1046 1647 Daretis
1073 1583 1220 1667 Phrygii.

133 1677 226 1757 Quod
251 1688 478 1745 commentum
492 1687 530 1744 ut
553 1680 667 1744 colore
690 1680 808 1764 ulique
832 1682 952 1747 melius
965 1682 1107 1761 falleret,
1121 1683 1222 1749 tinxit

132 1781 216 1862 prior
239 1781 411 1865 quendem
438 1779 483 1859 Q.
506 1781 705 1865 Septimium
728 1782 930 1861 Romanum,
945 1783 1005 1867 qui
1026 1804 1088 1868 per
1108 1784 1224 1854 lieres

132 1881 335 1963 significaret
349 1879 393 1959 Q.
408 1880 569 1958 Arcadio,
584 1882 669 1947 utin
685 1881 787 1946 Crete
805 1882 928 1959 insula,
943 1903 1020 1948 cum
1034 1885 1068 1947 ri
1081 1890 1223 1968 tempes-

124 1983 207 2046 tatis
222 1989 317 2045 terre
328 1981 523 2058 desedisset,
543 1981 577 2045 in
594 1981 687 2045 hiatu
697 1981 761 2047 illo
773 1984 968 2064 apperuerit
982 1984 1102 2067 Dictys
1112 1984 1226 2067 septu·

31 2154 32 2177 i
132 2100 231 2159 crum,
245 2090 352 2165 atquc
376 2082 411 2145 in
425 2101 468 2146 eo
482 2102 504 2145 e
519 2082 709 2165 pastoribus
724 2084 856 2147 iuventa
869 2084 915 2149 sit
926 2083 1042 2149 ercule
1055 2083 1225 2168 plumbea,
1294 2138 1299 2147 .

132 2182 244 2247 librum
263 2183 390 2267 Dictys
406 2185 576 2248 continens
589 2184 731 2249 debello
745 2184 905 2267 Trojano,
923 2188 981 2269 qui
998 2185 1107 2250 literis
1121 2188 1227 2269 scrip·

133 2290 185 2346 tus
199 2290 293 2347 esset
304 2283 507 2349 Phoeniceis.
533 2286 583 2349 De
597 2286 719 2349 Derete
731 2291 842 2349 eutem
854 2285 1001 2368 Phrygio
1014 2287 1082 2351 tale
1097 2288 1228 2351 auctori

31 2410 32 2474 ,
133 2384 259 2468 placuit
274 2382 484 2466 figmentum.
528 2370 723 2450 Cornelium
748 2384 913 2470 Nepotem
929 2385 1059 2452 inducit
1080 2387 1244 2452 scriben··

31 2477 32 2484 '
133 2491 196 2550 tem
223 2485 267 2549 ed
302 2482 461 2567 Crispum
487 2483 695 2560 Sallustium,
722 2491 760 2548 ut
782 2483 924 2550 Athenis
949 2493 1042 2551 esset
1075 2494 1228 2570 repertus

31 2629 32 2650 t
135 2583 328 2671 αὐτόγραφα,
356 2585 465 2666 ipsius
498 2585 644 2650 auctoris
672 2585 933 2668 manuscriptus,
965 2586 1050 2652 liber
1083 2587 1230 2665 Daretis,

136 2704 230 2768 quem
250 2686 351 2750 dixi:
367 2693 467 2768 etque
482 2693 520 2749 ut
533 2685 620 2748 hunc
636 2685 756 2748 Latine
771 2691 847 2766 toga
861 2683 1006 2762 donarit,
1022 2690 1059 2749 ut
1072 2686 1229 2750 amicitior

135 2786 199 2851 hoc
211 2793 466 2852 monumentum
475 2787 619 2850 muneris
632 2783 709 2850 loco
720 2782 881 2850 Sallustio
896 2785 1020 2849 mittet.
1062 2785 1129 2848 Sed
1137 2793 1231 2850 extet

137 2889 268 2970 genuini
284 2885 437 2952 Cornelii
463 2884 606 2968 Nepotis
629 2885 711 2949 liber
733 2885 777 2950 de
792 2882 900 2949 Attici
915 2886 1008 2964 rita3
1030 2885 1119 2962 item,
1132 2905 1231 2968 quern

138 2990 274 3073 scripsit
292 2987 337 3052 de
353 2987 613 3068 imperatoribus
628 2987 781 3049 extemis.
824 2982 914 3062 Quid
929 2985 982 3050 liis
997 2985 1090 3049 libris
1105 2989 1231 3069 purius,

140 3087 422 3170 elegantiusquel
446 3083 538 3164 Quid
553 3085 598 3150 sd
611 3087 676 3149 istu
691 3086 825 3150 ueletio
840 3085 1001 3150 Daretist
1036 3085 1179 3168 Nempe,
1193 3093 1233 3150 et

140 3189 202 3254 dici
224 3188 329 3265 solet,
351 3188 449 3252 aliter
471 3187 573 3252 cutoli
596 3187 698 3262 olent,
725 3187 819 3251 aliter
847 3205 940 3250 sues.
997 3185 1103 3250 Recte
1133 3187 1232 3267 igitur

139 3289 241 3354 sensit
255 3287 459 3354 [rudovicus
474 3285 579 3351 Vires
593 3287 626 3350 in
650 3285 765 3368 quinto
786 3283 831 3348 de
846 3284 1011 3350 munnere
1034 3285 1234 3368 disciplinis,

142 3407 214 3452 com
230 3389 294 3465 ait,
318 3393 353 3451 et
380 3387 544 3461 Deretem,
560 3391 594 3448 et
618 3384 742 3468 Dictyn
760 3386 864 3478 istum
875 3381 1032 3468 (qnomm
1055 3392 1163 3450 tumen
1177 3385 1234 3450 hic

141 3488 318 3572 aliquanto
335 3501 390 3550 est
406 3484 538 3561 cultior,
552 3490 588 3548 et
600 3479 812 3567 elegantius)
831 3503 905 3548 esse
926 3485 1101 3567 ‘figmenta
1121 3505 1235 3552 eorum
1298 3531 1302 3540 .

144 3591 198 3672 qni
214 3586 363 3654 debello
379 3586 610 3652 famosissimo
626 3585 798 3650 voluerunt
811 3585 948 3652 ludere!
