2959 4875
474 348 522 395 nn
547 344 674 395 uxore.
697 346 823 395 raom
846 344 994 397 uranon.
1208 334 1272 401 adl

187 498 243 555 tas
257 491 290 555 in
306 488 536 554 Laomedontis
549 489 657 572 patris
669 507 764 566 nece,
785 497 821 554 et
840 491 875 554 iu
895 490 1094 555 abductione
1109 490 1273 559 Hesionae

187 591 386 675 pertulisset,
398 591 509 655 omnia
521 595 629 654 tamen
643 607 743 673 equo
759 591 870 655 animo
883 592 1274 674 passurum‚siHesiona

189 692 221 755 ei
235 692 431 757 redderetur.
474 688 531 769 [5.]
553 688 710 766 Antenor,
731 696 770 755 ut
786 691 939 756 Priamus
959 695 1148 776 imperavit,
1161 696 1275 761 navim

188 792 392 871 conscendit,
402 798 438 856 et
446 790 617 875 profectus
628 792 720 855 venit
730 789 935 875 Magnesiam
943 794 988 858 ad
997 794 1149 859 Peleum.
1164 795 1273 875 Quem

189 893 312 957 Peleus
327 893 470 975 hospitio
484 890 593 955 tridrm
608 891 745 974 recepit,
760 892 813 955 die
827 900 968 975 quarto·
992 900 1087 976 rogat
1101 914 1177 959 eum
1192 896 1275 979 qnid

186 994 323 1059 venerit.
377 991 526 1059 Antenor
541 992 624 1057 dicit
640 1011 683 1056 ea
696 1011 773 1076 qum
797 1013 819 1059 a
840 994 975 1059 Priamo
997 996 1154 1061 mandata
1174 1004 1276 1062 erano

188 1093 311 1159 Graios
325 1092 526 1177 postulare,b
547 1102 586 1158 ut
609 1091 764 1157 Hesiona
778 1094 979 1160 redderetur·
1020 1096 1110 1160 Haec
1128 1098 1186 1161 nbi
1209 1097 1274 1161 Pa·
1391 1144 1394 1148 f

187 1196 260 1259 leus
275 1196 413 1271 audivit,
427 1196 567 1276 graviter
581 1194 669 1270 tulit,
694 1214 735 1258 eo
748 1196 841 1278 quod
855 1197 919 1261 hoc
932 1198 1093 1279 pertinere
1107 1198 1152 1263 ad
1173 1217 1210 1264 se
1225 1199 1275 1263 vi·

189 1296 328 1361 debatt⁰
344 1297 447 1380 jubet.
457 1314 532 1359 eum
547 1294 589 1359 de
603 1292 728 1361 finibus
742 1297 815 1360 suis
828 1296 1011 1363 discedere.
1055 1297 1202 1363 Antenor
1223 1300 1275 1363 ni-

188 1396 235 1459 hil
251 1404 405 1469 moratus,
421 1396 530 1459 navim
546 1394 708 1469 ascendit,
729 1396 792 1459 iter
804 1396 887 1461 fecit
899 1397 1103 1463 Salaminam
1117 1399 1166 1470 ad¹
1176 1398 1274 1463 Tela·

188 1514 337 1561 monem:
359 1514 474 1577 rogare
489 1513 565 1559 eum
580 1496 699 1577 coepit,
718 1502 754 1559 ut
771 1497 907 1561 Priamo
923 1516 1069 1563 sororem
1085 1500 1275 1565 Hesionam

189 1597 357 1675 redderet3
373 1597 533 1661 nonenim
545 1612 621 1659 esse
635 1614 767 1677 mquum
781 1595 918 1661 tamdiu
933 1598 968 1660 in
982 1600 1142 1663 servitute
1155 1599 1275 1663 habere

189 1702 270 1783 regii
284 1700 413 1781 generis
427 1697 587 1781 puellam.
630 1696 791 1760 Telamon
806 1698 966 1762 Antenori
987 1699 1172 1782 respondit,
1190 1702 1275 1765 nilril

188 1820 210 1865 a
225 1820 261 1865 se
279 1800 412 1865 Priamo
433 1799 577 1865 factum:
599 1796 656 1861 sed
672 1798 764 1880 quod
779 1800 914 1864 virtutis
928 1818 1035 1865 causa
1050 1799 1204 1865 donatum
1218 1803 1274 1880 sit,

190 1922 226 1966 se
250 1902 372 1966 nemini
397 1900 568 1963 daturum:
601 1898 644 1961 ob
671 1898 734 1962 hoc
761 1897 962 1964 Antenorem
984 1901 1096 1965 insula
1108 1900 1276 1967 discedere

184 2004 292 2087 jubet.
315 2000 462 2065 Antenor
477 2001 587 2063 navim
602 1999 812 2077 conscendit,
826 2002 859 2065 in
877 2000 1041 2066 Achaiam
1055 2002 1157 2066 venit.
1191 2001 1275 2067 Inde

190 2104 233 2167 ad
249 2101 424 2165 Castorem
439 2103 470 2162 et
485 2098 660 2163 Pollucem
675 2097 817 2177 delatus,
830 2102 937 2183 coepit
957 2102 1001 2165 ab
1023 2103 1076 2167 luis
1090 2102 1275 2186 postulare,

190 2209 226 2265 ut
240 2202 373 2265 Priamo
394 2198 637 2274 satisfacerent,
664 2207 698 2263 et
719 2200 752 2263 ai
779 2199 966 2266 Hesionam
991 2221 1141 2267 sororem
1158 2201 1276 2267 redde·

190 2313 272 2369 rent.
294 2302 415 2365 Castor
428 2308 463 2364 et
478 2299 604 2363 Pollux
620 2310 821 2381 negaverunt
834 2301 989 2385 injuriam
1004 2303 1139 2368 Priamo
1151 2301 1276 2367 factam

678 2531 785 2580 NOTAE

191 2662 300 2724 legatum
316 2659 473 2709 Antenorem
486 2658 600 2719 mittere,
612 2663 640 2706 ut
652 2671 714 2705 nuu-
757 2665 793 2718 te,
805 2673 879 2721 quem
890 2673 935 2706 rex
948 2659 1034 2721 Lyciae
1045 2677 1051 2705 ι
1072 2657 1277 2723 'bripuptsirm-

193 2739 278 2796 tiaret,
290 2735 399 2798 diceret,
418 2749 457 2796 re,
475 2735 589 2798 quumvis
609 2732 716 2794 iujurias
756 2751 793 2796 σο,
803 2734 842 2783 rel
852 2734 919 2784 tnta
928 2733 989 2792 βοῦς
999 2733 1108 2798 ttprmr
1118 2737 1187 2785 ’aaa’
1197 2736 1238 2786 &rr
1247 2737 1278 2794 dir

192 2812 241 2860 sibi
253 2822 342 2874 graves
354 2809 386 2859 ab
404 2811 444 2858 tris
462 2811 506 2873 qpi
524 2822 580 2858 cunr
598 2808 715 2884 exarpitrr
756 2810 1277 2875 &mmmmmfflxrlrdre

193 2891 317 2935 venerant
346 2885 371 2932 in
396 2882 576 2934 Laomedontia
601 2897 666 2932 neon
688 2889 716 2934 et
755 2887 1011 2954 palpitantia«
1020 2887 1085 2946 οῆμο
1097 2885 1278 2950 ΜὍμι

191 2962 344 3012 abductione
361 2961 481 3010 Hesiona
493 2959 651 3022 pertulisset,
663 2971 716 3008 cru·
755 2961 825 3024 ῥόοι
841 2967 956 3028 γαμβροῖο
973 2962 1035 3027 παρὰ
1051 2962 1158 3027 Προίτοιο
1176 2961 1278 3025 φέροιο.

192 3040 234 3087 nia
248 3045 334 3086 tannen
350 3050 422 3101 aqna
439 3035 523 3085 animo
540 3048 681 3099 passurum,
693 3035 716 3084 ri
756 3041 874 3090 «Novem
891 3040 947 3090 dte.
966 3039 1111 3102 hospitatus
1127 3046 1177 3100 αι,
1190 3046 1218 3087 st
1235 3051 1279 3087 οο.

192 3113 306 3164 Hesiona
317 3113 342 3162 ei
354 3109 522 3161 redderetur:
741 3116 745 3130 ¹
757 3131 812 3165 rem
820 3115 897 3164 bores
907 3115 1072 3165 medicavit:
1082 3112 1199 3163 sedeam
1208 3112 1277 3161 deri-

223 3195 235 3221 ¹
252 3189 301 3236 Die
310 3193 403 3250 quarto,
410 3186 464 3250 da]
486 3185 603 3236 Obrerrs
613 3200 717 3249 morem,
756 3204 797 3239 rna
807 3190 927 3252 apprrnlt
938 3189 1017 3238 rorair
1025 3186 1114 3251 digitis
1124 3186 1234 3247 Aurora,
1243 3187 1279 3236 Et

191 3279 243 3328 quo
256 3263 336 3326 legati
347 3271 374 3312 et
386 3263 429 3311 alii
443 3262 537 3328 quique
549 3276 595 3326 per
607 3263 659 3311 dias
671 3263 716 3310 all·
756 3264 822 3314 huno
833 3264 916 3327 iprum
927 3262 1106 3325 interemto,
1117 3268 1146 3311 et
1157 3260 1236 3323 petiit
1248 3260 1278 3308 li·

192 3345 254 3402 quot
266 3338 291 3386 iu
305 3337 379 3388 domo
390 3339 519 3401 hospitum
531 3335 664 3398 sedebunt,
672 3351 717 3386 an·
755 3348 824 3389 term
835 3338 932 3403 ridere,
940 3338 1123 3402 Quascumque
1136 3335 1187 3399 ipsi
1203 3351 1219 3385 ι
1235 3351 1279 3400 μ·

191 3420 295 3477 tequam
317 3411 349 3461 de
375 3413 488 3462 adventu
513 3427 560 3462 ruo
582 3411 716 3476 quicquam
755 3411 1029 3465 neroPrmtoterrew

192 3492 376 3552 proponerent,
390 3475 498 3538 'scilicet
519 3494 548 3537 ut
567 3487 600 3536 ab
618 3487 718 3536 itineris
787 3488 904 3539 borao·
920 3486 1049 3551 muare]
1069 3484 1122 3536 aed
1141 3484 1168 3534 id
1187 3499 1221 3534 ex
1239 3499 1279 3535 aa·

191 3560 716 3625 laboreraerearentur:lrinelnralllgeu·
754 3561 994 3628 quentiburialsum
1005 3569 1054 3611 eat.
1087 3558 1130 3609 An
1140 3558 1278 3611 dicendo

193 3639 241 3688 dus
252 3637 356 3700 Badrin,
366 3652 427 3687 rrrr.
438 3643 478 3690 οἳ.
512 3638 557 3687 ltal
566 3639 668 3699 ἤλθομεν
684 3637 717 3687 elr
754 3648 803 3697 eat,
814 3641 852 3690 tta
861 3644 955 3703 sponte
966 3651 1013 3687 rua
1021 3634 1179 3686 Antenorem
1188 3637 1281 3685 menti·

192 3713 344 3777 Ἰερουσαλὴμ
359 3713 398 3762 rol
415 3712 553 3774 iradicaprr
569 3716 618 3763 ἐκεῖ
630 3713 715 3776 ἡμίρω
753 3726 807 3767 turn
819 3731 883 3775 eme,
892 3720 922 3765 ut
931 3714 979 3764 tibi
990 3712 1089 3763 tudun·
1100 3711 1216 3761 Hesiona
1227 3718 1279 3759 tra·

191 3795 260 3856 roris·
294 3788 339 3839 Kal
351 3789 491 3855 &tristari
506 3790 623 3855 rluloprp‘
632 3791 714 3855 reo·
754 3793 878 3843 deretur?
893 3785 1278 3851 recorrigendum,‘'l'rojmoa

191 3885 222 3934 η)
234 3866 367 3927 ἐπήσομεν
372 3865 401 3914 ri
410 3865 600 3930 ὰῃύριοικοὶοο
610 3867 716 3930 χρυσίον,
755 3864 959 3930 portulara,'&e.

192 3949 242 3994 dre.
277 3943 331 3992 ‘Et
352 3943 468 3992 renimur
487 3944 513 3991 iu
532 3942 676 3994 Jerusalem
687 3949 716 3991 et
787 3949 798 3974 ⁶
817 3933 1280 4002 Erqrodlrorpertirrerrodrror'drbrt]

192 4018 480 4070 ibisedirnnrdiaatrrs.
493 4019 715 4082 Dierutemqurr·
756 4017 851 4066 Peleus
871 4014 938 4062 enim
961 4009 1043 4060 l'rrter
1062 4017 1120 4059 arat
1135 4009 1279 4060 'l’elamonis

195 4105 220 4146 to
232 4109 319 4146 aurum
331 4101 359 4144 et
369 4100 503 4159 argentum
520 4092 717 4154 collocavimua,’
758 4092 800 4156 qui
812 4090 951 4147 Hesionam
964 4083 1077 4136 tenebat.

194 4175 243 4222 &c-
258 4172 301 4222 Sic
315 4169 390 4221 Hom.
400 4170 432 4220 ll.
448 4175 473 4219 z.
491 4169 523 4220 de
535 4167 716 4234 Bellerophon·
