2959 4875
594 370 804 421 annuunrx.
1187 360 1253 425 34⁷

156 522 321 589 reterens!
365 521 435 588 Ubi
459 521 597 589 ridicule
617 522 788 608 Iosephus
808 523 1067 609 Burdnscaliger
1081 533 1252 611 postrema

160 626 227 691 trin
242 627 342 689 verba
357 622 481 689 Lucilii
500 642 577 689 esse
593 622 748 703 credidit,
766 643 844 708 quar
860 623 1006 690 Charisii
1021 646 1108 706 asse,
1121 645 1166 691 ex
1181 627 1251 693 Dc-

160 726 232 791 uati
245 725 353 791 verbis
377 724 506 791 discere
525 730 668 809 poterut.
711 726 874 809 Hyginus
893 727 961 792 snb.
979 728 1056 793 274.
1080 728 1157 793 ‘Ne
1175 730 1253 813 quis

158 847 275 894 sserns
290 836 391 895 artem
405 825 606 895 medicinam
621 824 788 893 disceret!
831 827 988 896 Plinius:
1004 829 1252 915 ‘Hippocrates

157 929 366 996 clarissimus
386 926 563 995 mediciuoe
587 928 761 996 scientim!
792 928 957 997 'Getarum
971 928 1082 997 Varro
1103 931 1138 995 iu
1150 950 1192 997 en
1204 932 1252 997 nil

158 1036 281 1115 praeter
300 1030 433 1098 solitum
445 1036 596 1115 nugatur,
618 1049 697 1096 cum
712 1028 877 1097 medicum
894 1050 917 1097 a
930 1031 1095 1097 medicine
1109 1037 1144 1097 et
1157 1042 1251 1106 suto-

159 1151 228 1198 rem
243 1151 265 1197 a
279 1133 404 1198 sutrius
417 1130 600 1199 derivatum
615 1131 767 1211 affirmat,
782 1134 858 1197 cum
871 1152 935 1198 uec
955 1134 1050 1218 pueri
1069 1133 1143 1218 J'nm
1156 1135 1251 1216 iguo-

157 1239 238 1314 rent,
266 1234 403 1299 nomina
429 1234 465 1297 iu
487 1232 557 1297 ianr
581 1234 739 1299 exeuntia
763 1235 808 1299 nb
830 1254 872 1301 eo
895 1235 1083 1319 primigenii
1107 1236 1251 1321 nominis

157 1354 252 1415 casu,
266 1336 324 1420 qni
337 1334 438 1401 eadat
450 1332 486 1399 iu
499 1334 523 1415 i,
536 1334 676 1401 icrmstu
688 1354 773 1402 esse.
810 1335 931 1423 ltaque
946 1354 1024 1403 cnm
1036 1358 1060 1403 a
1071 1337 1250 1421 participio

157 1438 296 1521 passivo
311 1442 411 1502 sutus
428 1436 550 1503 suetum
572 1437 696 1503 fuisset
712 1443 818 1518 sutor,
840 1440 884 1504 ab
898 1438 1001 1523 hujus
1015 1442 1136 1523 postea
1150 1440 1250 1504 tertio

157 1558 238 1604 casu
251 1538 355 1604 sutori
375 1537 562 1624 proiectum
576 1541 631 1603 est
644 1539 825 1618 sutorium,
846 1546 882 1604 et
897 1558 958 1623 per
970 1558 1139 1623 syncopen
1152 1541 1251 1606 sutri·

156 1658 234 1717 nus,
249 1639 477 1724 similiterque,
492 1658 515 1704 a
528 1638 634 1705 uerbo
650 1638 764 1723 pinso,
781 1638 921 1725 (priscis
943 1639 1034 1724 piso,
1057 1646 1141 1704 teste
1164 1638 1250 1705 Dio·

156 1741 295 1820 made‚a
309 1740 422 1807 Graec.
431 1738 575 1827 mirra)
588 1742 771 1826 participio
783 1741 905 1825 pistus,
918 1740 1044 1807 factum
1052 1739 1118 1805 fuit
1129 1739 1248 1823 pistor,

156 1846 222 1907 eta
242 1843 367 1927 pistori,
382 1844 566 1926 pistoriuus
580 1846 614 1907 et
630 1844 808 1928 pistrinum
825 1842 1000 1919 atextcri,
1014 1843 1204 1907 textorinus
1214 1850 1249 1907 et

156 1942 333 2025 textrinns3
347 1943 538 2022 medicus,
546 1942 682 2023 medici,
692 1942 898 2025 medicinus3
913 1943 1061 2029 spissis,
1071 1943 1169 2027 pisci,
1179 1944 1249 2029 pis-

156 2045 272 2126 cinus3
290 2063 311 2109 a
326 2064 396 2124 rex,
412 2046 492 2129 regi,
506 2045 657 2129 reginus3
673 2064 695 2111 a
710 2045 776 2123 sal,
791 2046 868 2122 sali,
882 2046 1018 2111 salium.
1048 2044 1090 2110 lu
1105 2045 1248 2110 salinum

155 2162 234 2229 ergo
248 2144 467 2212 subaudimus
486 2164 561 2226 vas,
579 2146 616 2210 iu
632 2144 763 2224 salium,
779 2148 835 2213 vel
856 2147 1019 2224 abemae,
1032 2145 1086 2212 rel
1106 2143 1247 2223 incline,

155 2246 191 2310 iu
206 2248 349 2332 piscina,
358 2264 459 2332 equs.
484 2245 576 2313 Nam
585 2252 621 2311 et
635 2249 646 2282 ⁸
651 2246 799 2330 petimen
812 2245 993 2331 pisciuum’
1008 2245 1150 2313 Navius
1163 2250 1247 2311 teste

155 2346 259 2415 Festo
284 2346 384 2413 dixit.
428 2348 471 2412 lu
498 2344 616 2431 regius
639 2346 841 2413 subauditur
865 2348 1015 2428 ioemius,
1038 2346 1120 2426 iiiia,
1148 2364 1247 2412 uxor.

155 2449 350 2516 Charisiusr
376 2447 530 2533 ‘Regina
543 2447 637 2514 nullo
650 2448 754 2516 modo
766 2449 995 2533 recipiendum
1008 2449 1074 2515 nisi
1085 2450 1245 2535 recipere·

154 2569 229 2618 ruas
248 2550 462 2636 etregiuum.’
504 2551 627 2636 ltaque
649 2549 814 2633 Virgilius
837 2549 936 2616 Ilium
953 2557 1057 2618 vocat
1070 2549 1248 2635 Reginam

153 2671 218 2718 uec
232 2671 330 2720 secus
354 2651 549 2729 Ariadnam,
570 2651 662 2736 quod
675 2649 756 2716 filisa
770 2656 883 2717 esseut
895 2652 1009 2734 regias.
1051 2652 1096 2716 Et
1109 2653 1247 2718 Servius

154 2755 190 2821 iu
215 2755 275 2822 iliu
290 2755 367 2821 AEu·
383 2769 409 2822 1.
430 2752 558 2833 ‘Quod
576 2753 668 2835 regia
681 2750 775 2818 June
791 2749 1019 2819 llcmtrarat!
1061 2752 1173 2838 Regin
1195 2754 1248 2818 iu·

154 2862 365 2942 terpretetur,
388 2855 511 2939 regina,
525 2871 645 2938 nempe
664 2860 703 2920 nt
721 2874 745 2919 a
757 2853 818 2920 lux
830 2860 883 2920 est
895 2854 1022 2921 Lucius
1034 2862 1072 2921 et
1085 2854 1246 2936 Luciuus,

153 2958 241 3024 aude
262 2957 353 3024 Jnuo
376 2957 518 3035 Lucina,
540 2953 591 3021 sic
605 2973 628 3020 s
647 2973 722 3033 res,
736 2954 844 3039 regius
859 2964 895 3022 et
907 2957 1048 3041 reginus.
1090 2954 1202 3024 Etiam
1225 2977 1248 3024 a

153 3065 268 3127 taurm
288 3059 372 3124 exiit
384 3066 521 3125 tauram
535 3064 567 3124 ei
581 3057 746 3125 taurinus.
791 3055 882 3122 Nam
897 3062 932 3123 ni
946 3059 995 3124 ait
1008 3058 1152 3138 Plinius,
1164 3057 1247 3122 reie-

153 3169 247 3227 rente
262 3161 378 3228 Servio
392 3162 427 3227 iu
447 3160 526 3226 AEu.
553 3173 606 3224 rx.
633 3158 879 3224 'densationes
898 3177 966 3224 unu
988 3160 1113 3227 habent
1133 3158 1246 3225 firmas

153 3262 299 3348 regulas,
309 3261 369 3329 sed
382 3266 506 3329 exeunt
519 3269 620 3344 prout
633 3259 826 3326 auctoribus
841 3259 973 3344 placet!
