2959 4875
474 345 523 394 nu
547 345 676 394 nxcrn.
698 343 825 394 rausa
848 345 997 396 uranon.
1208 335 1273 410 &25

189 507 266 572 qum
280 505 355 550 cum
368 484 506 552 Priamo
515 471 538 520 '¹
555 494 668 570 egerat
680 505 777 552 servo
792 488 891 554 dicit:
913 509 1029 554 servus
1046 487 1167 556 Achilli
1190 509 1274 556 nun·

190 591 269 654 tiat:
287 587 437 654 Achilles
451 588 551 672 vulgo
563 589 720 673 queritur,
735 591 834 654 unius
849 591 994 658 mulieris
1010 592 1154 657 Heleuae
1169 611 1274 659 causa

190 697 291 754 totam
301 690 470 756 Graeoiam
479 698 514 754 et
525 691 694 774 Europam
708 690 908 756 advocatam
922 712 1008 769 esse,
1018 699 1112 757 tanto
1125 701 1273 778 tempore

192 798 244 856 tot
256 792 362 856 millia
373 792 540 856 hominum
552 793 713 875 periisso;
735 777 787 858 tot
804 793 951 876 pericula
964 793 1066 874 adiri;
1087 795 1275 862 libertatem

81 935 86 942 ·
191 893 226 956 in
241 894 380 977 ancipiti
393 913 485 958 essa.
507 896 616 959 unde¹
640 894 711 959 fieri
722 913 840 977 pacem
859 893 987 972 dehere,
1006 897 1170 962 exercitus
1183 915 1276 964 rece-
1385 955 1390 968 .

193 992 280 1059 dere.
323 992 443 1060 Annus
456 996 677 1061 circumactus
692 1003 754 1061 est.
783 995 983 1061 Palamedes
997 1000 1182 1064 exercitum
1196 1000 1276 1066 edu·

192 1097 252 1175 cit,
266 1097 406 1163 instruit.
448 1100 530 1184 [28]
552 1098 750 1182 Deiphobus
775 1105 903 1162 uonna.
944 1098 1095 1164 Achilles
1116 1101 1221 1166 iratus
1240 1101 1276 1167 in

191 1197 343 1286 praelium
365 1218 432 1263 uon
453 1199 576 1282 prodit.
619 1198 818 1264 Palamedes
832 1200 1044 1264 occasionem
1059 1209 1191 1279 nactus,
1216 1202 1277 1266 im-

192 1299 398 1382 pressionem
411 1299 446 1362 in
460 1298 672 1383 Deiphobum
691 1298 783 1375 iacit,
804 1307 839 1363 et
852 1318 930 1362 eum
945 1301 1122 1366 obtruncat
1134 1309 1166 1362 :¹
1188 1321 1275 1385 prae-

193 1402 275 1482 lium
290 1421 367 1466 acre
380 1402 530 1484 insurgit,
551 1403 595 1466 ab
611 1403 758 1484 utrisque
772 1402 920 1483 partibus
935 1401 1041 1466 multa
1055 1402 1162 1468 millia
1173 1402 1279 1468 homi·

194 1523 274 1568 num
285 1504 419 1569 cadunt.
462 1504 661 1570 Palamedes
675 1505 710 1568 in
724 1503 833 1586 prima
844 1504 916 1567 acie
930 1508 1096 1584 uersatur3
1118 1503 1279 1570 hortatur·

195 1625 262 1689 que
290 1612 324 1670 ut
346 1605 500 1690 praelium
525 1603 652 1669 sortiter
679 1608 804 1684 gerant.
847 1601 974 1666 Contra
996 1621 1073 1667 eum
1102 1603 1279 1686 Sarpedon

196 1706 319 1791 Lycius
342 1708 496 1785 occurrit,
510 1724 654 1788 eumque
679 1703 877 1770 Palamedes
902 1703 1075 1768 interlicit⁸
1118 1704 1279 1771 Eclecto

195 1808 296 1874 laetus
310 1811 344 1873 in
358 1812 430 1877 acie
443 1815 600 1876 versatur.
643 1807 706 1872 Cui
721 1805 886 1871 exultanti
908 1812 945 1868 et
965 1805 1116 1888 glorianti
1130 1805 1280 1872 Alexan·

197 1911 255 1975 der
269 1910 366 1976 Paris
382 1911 503 1993 sagitta
523 1910 647 1974 collum
671 1907 859 1990 transfigit·
901 1906 1052 1991 Phryges
1072 1908 1280 1976 animadver-

198 2019 278 2091 tunt,
294 2012 360 2077 tela
373 2012 565 2096 conjiciunt,
580 2020 682 2093 atque
695 2011 744 2076 ita
758 2007 959 2073 Palamedes
974 2009 1147 2076 occiditur.
1185 2011 1280 2095 Rege

198 2114 327 2190 occiso,
340 2112 457 2196 Argivi
469 2114 602 2192 cedunt,
615 2111 754 2196 Troiani
768 2115 1016 2194 persequuntur,
1031 2117 1142 2178 castra
1155 2133 1281 2197 oppug-

198 2222 289 2296 nant,
300 2237 406 2283 nares
419 2217 611 2294 incendunt,
623 2214 736 2280 cuncti
758 2211 1012 2296 impressionem
1028 2213 1163 2292 iaciunt,
1176 2216 1282 2299 turpi·

199 2322 247 2382 ter
259 2317 384 2384 Achivi
396 2326 488 2400 terge
500 2325 644 2396 vertunt,
656 2318 691 2382 in
705 2324 817 2380 castra
830 2314 1031 2397 confugiunt.
1062 2314 1186 2382 Achilli
1199 2336 1285 2382 uun·

199 2418 318 2485 tiatum
338 2426 412 2486 est:
442 2419 641 2485 dissimulat.
683 2416 777 2501 Ajax
796 2415 1014 2481 Telamonius
1036 2414 1283 2483 fortissimede·

198 2518 324 2587 tendit:
335 2520 348 2558 δ
361 2541 433 2587 nox
446 2522 598 2607 praelium
610 2520 742 2584 dirimit.
786 2512 907 2599 Argivi
917 2517 951 2579 in
962 2518 1080 2581 castris
1090 2516 1284 2583 Palamedis

199 2623 389 2701 scientiam,
404 2625 607 2706 aequitatem,
619 2621 817 2696 honitatem,
833 2616 1039 2683 clementiam
1050 2618 1283 2685 lamentantur.

197 2723 286 2806 [29]
298 2724 436 2808 'l'rojrrni
450 2723 674 2808 Sarpedonem
689 2728 725 2785 et
739 2717 955 2802 Deiphobum
968 2715 1100 2781 deflent.
1142 2718 1283 2799 Nestor,

197 2825 258 2908 qni
273 2827 381 2909 major
394 2832 468 2891 erat
480 2833 571 2902 natu,
585 2828 687 2887 noctu
700 2820 804 2886 dnoes
824 2820 858 2883 in
872 2818 1044 2881 consilium
1059 2826 1190 2897 evocat,
1205 2840 1283 2887 sua·

201 2926 272 3005 det,
281 2928 440 3006 hortatur,
450 2925 507 2993 ut⁶
517 2928 751 3010 imperatorem
762 2920 955 3006 praeficiant,
965 2926 1000 2985 ot
1013 2922 1043 2987 si
1057 2921 1108 2985 eis
1116 2921 1281 2999 videatur,

234 3246 251 3289 c
269 3242 314 3291 uu
325 3241 419 3305 napa

691 3382 798 3435 NOTAE

235 3520 359 3568 'Eadm
369 3518 468 3569 Hecate
485 3533 536 3582 pao
551 3531 604 3567 ιιιι
619 3515 727 3580 Panae]
767 3506 863 3558 dicunt.
892 3504 957 3556 Vide
968 3504 1045 3558 Hom
1057 3506 1090 3557 ll.
1100 3511 1132 3573 tl.
1159 3504 1210 3556 aui
1220 3505 1289 3571 apud

203 3594 335 3644 llecubau
299 3608 397 3643 ιιοιιι
381 3593 474 3644 edicit
489 3593 578 3643 eadem
581 3604 726 3659 ‚quacum
766 3584 875 3647 Dictyn-

203 3671 308 3721 Priamo
319 3679 418 3731 egerat
798 3656 1292 3719 utmtert'utmruaattaarmr-

235 3745 347 3808 Ἰήιε]
363 3744 456 3799 idest,
467 3760 555 3808 qnare.
760 3736 834 3802 figit]
847 3734 981 3799 Nusquam
991 3732 1248 3797 alihtlegerepoarlr,
1256 3732 1289 3782 ab
1344 3798 1351 3810 ι

236 3820 506 3882 ’Βιιιιιιὺιηιιιιη
528 3821 729 3871 Ahalitaomat
769 3811 916 3864 Alexandro
937 3808 1101 3860 Palamedem
1123 3810 1292 3867 volneratum,

205 3894 254 3945 hus
274 3895 394 3957 discedit,
412 3896 456 3960 qni
477 3895 593 3945 scribunt
614 3895 729 3958 Delphn·
768 3896 797 3938 et
807 3886 900 3937 derude
915 3885 954 3935 lta
970 3884 1090 3933 occisum.
1121 3883 1173 3934 Sed
1187 3882 1221 3933 de
1237 3882 1292 3947 ejua

206 3972 294 4023 huma
304 3972 425 4023 Menelao
434 3972 556 4024 occisum.
582 3970 728 4035 Videapad
767 3970 859 4024 morte,
870 3960 927 4011 ride
938 3957 1006 4024 apud
1019 3958 1126 4021 Dictyu.

202 4050 314 4114 Dictyn
800 4039 812 4073 b
827 4037 893 4098 Alae
910 4033 1057 4086 remmam
1065 4032 1198 4094 santuine
1211 4032 1291 4093 durau

239 4119 657 4188 'Eanunalaedmatefieitl
676 4120 729 4171 Sed
765 4080 816 4180 dit]
842 4116 882 4165 ux
903 4113 1017 4164 Homero
1038 4118 1066 4164 et
1086 4112 1172 4175 Diem,
1193 4120 1292 4165 numo

210 4199 253 4248 alil
236 4214 358 4250 romnea
373 4214 431 4249 eum
450 4213 465 4248 a
481 4198 603 4249 Patroclo
617 4196 729 4247 οιιίιιιιιι
768 4202 1003 4255 tantumtempora.
