2959 4875
910 1693 1763 1777 SERENISSIMO

502 1907 637 2019 D
741 1909 856 2023 E
950 1912 1065 2025 L
1156 1915 1271 2028 P
1363 1916 1507 2030 H
1599 1918 1676 2029 1
1774 1916 1918 2031 N
2011 1841 2132 2031 O
2208 2042 2211 2045 ,

1148 2125 1218 2189 S.
1266 2126 1345 2189 P.
1394 2127 1485 2191 n.
1787 2104 1796 2110 ’

351 2311 678 2379 ANNA
748 2312 1453 2394 TANAQUILLI
1532 2318 1876 2386 FAB'RI
1952 2320 2274 2394 FILIA.

216 2667 576 2754 Tabam
620 2689 781 2752 belli
827 2689 1217 2771 scriptorem
1250 2687 1524 2770 Dictym
1570 2688 1690 2753 tibi
1734 2709 1908 2755 nunc
1938 2690 2169 2769 offero,
2200 2692 2401 2756 Dm,-

216 2804 442 2852 rmun
472 2791 1028 2863 Sssassunssms,
1059 2805 1298 2852 munus
1327 2786 1529 2870 plane
1558 2794 1621 2851 te
1642 2787 1935 2870 dignum,
1962 2791 2079 2873 qui
2109 2811 2262 2855 cum
2296 2800 2400 2856 to-

210 2894 342 2953 tam
369 2890 507 2954 fere
536 2891 884 2971 antiquam
908 2888 1280 2952 Historiam
1311 2906 1698 2969 pernoscas,
1719 2890 2097 2971 antiquiora
2127 2910 2396 2975 quoque

208 2989 321 3052 illa
343 2996 415 3054 et
440 2990 711 3054 ultimis
742 2997 915 3053 retro
944 2989 1352 3070 temporibus
1385 2989 1698 3071 propiora
1727 2989 2111 3072 perlegendi
2142 2994 2399 3074 cupidi-

210 3097 336 3154 tate
366 3092 659 3156 teneris.
752 3089 831 3153 In
862 3089 966 3153 his
995 3108 1156 3153 sane
1184 3089 1576 3152 Graecorum
1623 3108 1774 3153 cum
1815 3088 2121 3172 Trojanis
2147 3091 2393 3155 bellum

206 3192 442 3271 primas
474 3193 769 3267 obtinet,
792 3209 1006 3271 neque
1049 3190 1345 3253 fabulam
1383 3189 1591 3253 ullam
1641 3190 1947 3254 invenias
1994 3174 2150 3272 'qum
2181 3191 2395 3254 homi-

204 3309 354 3355 num
382 3291 786 3381 memoriam
814 3291 1184 3355 exercuerit
1228 3291 1465 3372 magis,
1495 3309 1776 3372 qumque
1820 3288 1994 3354 adeo
2024 3290 2391 3355 nobiliores

205 3408 560 3471 pmcones
595 3390 840 3454 sortita
879 3389 993 3452 sit.
1081 3387 1268 3452 Nihil
1301 3388 1529 3470 itaque
1561 3387 1645 3452 ad
1675 3387 2176 3453 delectationem
2209 3396 2389 3453 tuam

204 3492 417 3571 aptius
445 3490 728 3572 putavi,
777 3508 978 3571 quam
1018 3488 1270 3551 hancce
1321 3487 1444 3552 tibi
1491 3487 1855 3552 Historiam
1882 3489 1969 3551 ob
2001 3487 2237 3552 oculos
2266 3507 2385 3570 po·

202 3608 369 3668 nere,
391 3599 475 3655 ut
492 3576 500 3581 ⁴
507 3589 1009 3676 jucundissima
1037 3588 1183 3670 ejus
1232 3588 1520 3652 lectione
1548 3586 1839 3650 animum
1867 3592 2051 3650 tuum
2081 3586 2387 3668 expleas,

201 3707 326 3752 non
356 3699 434 3754 nt
478 3691 650 3755 inde
676 3696 868 3773 petas
899 3688 1269 3752 rudimenta
1308 3688 1641 3753 virtutum.
1731 3684 1915 3764 Quid
1954 3687 2154 3760 enim,
2188 3686 2387 3750 Dm.-

203 3803 372 3853 Pmn
391 3807 431 3853 s
463 3791 1026 3865 Senumssmn,
1054 3787 1377 3861 Achilles,
1426 3788 1707 3864 Hector,
1735 3792 1803 3850 et
1848 3786 2235 3862 Diomedes,
2274 3786 2386 3850 he-

198 3890 338 3954 roes
364 3892 466 3957 illi
498 3888 880 3965 fortissimi,
909 3888 1027 3952 tibi
1048 3888 1366 3972 prodesse
1395 3890 1659 3971 possint
1678 3889 1709 3952 ‘l
1752 3905 1871 3951 eos
1891 3905 2119 3954 omnes
2146 3887 2381 3951 robore

189 3990 319 4073 jam
348 3992 604 4065 vincis,
633 3989 758 4072 qui
788 3987 1294 4052 invictissimum
1323 3995 1662 4071 parentem
1712 3994 1897 4053 tuum
1936 3986 2267 4066 designas,
2312 3990 2382 4052 et

202 4090 279 4152 ad
306 4091 457 4173 ejus
502 4086 968 4153 fortitudinem
978 4084 1122 4168 jam
1151 4088 1461 4167 assurgis.
1549 4083 1732 4163 Quid
1764 4084 2163 4150 Palamedes
2192 4085 2381 4151 Grae-

204 4209 415 4257 corum
443 4187 1022 4276 prudentissimus
1051 4188 1118 4252 in
1147 4192 1210 4250 te
1237 4189 1523 4270 amplius
1542 4186 1841 4252 conserat
1860 4187 1891 4249 ‘l
1947 4186 2377 4252 Palamedem
