2959 4875
256 368 301 433 22
515 380 596 430 rso.
620 378 815 429 sssrzouu
843 374 1093 430 nisssnrsrro

290 523 667 590 exntroqnehieleiesciiimt
683 521 855 587 stScptisrio·
888 522 1044 584 Eepiieetsr
1054 521 1173 571 Meister.
1207 520 1269 571 XX.
1284 522 1354 571 Ber·

290 604 337 655 thii
345 605 484 668 sententie,
492 604 622 655 credentis
632 604 738 655 Grecos
745 603 864 667 Septimii
872 603 953 652 nostri
964 602 1116 665 opuseulum
1124 601 1232 651 vertisse
1240 603 1266 651 in
1277 603 1356 653 tire·
1464 637 1465 646 .

290 698 346 734 cern
358 684 480 747 linguent,
491 684 616 748 rejicitur.
645 682 786 746 Septimius
794 696 827 731 ex
836 682 934 730 MeieIe
944 682 1094 743 exponitur.
1126 680 1203 730 11111.
1213 680 1356 730 Reseiiitnr

291 778 370 827 porro
388 764 519 826 Boethius,
532 778 564 811 es
576 763 770 826 comparatione
781 763 849 811 sexti
860 760 919 810 iihri
931 776 988 811 enm
1001 760 1108 810 Meieie.
1140 760 1232 810 XXII.
1250 762 1355 810 I’raetrr

292 843 360 894 hunc
370 843 492 893 Grmcnns
503 843 608 906 DIctym
625 856 700 907 quesn
711 843 852 906 Septimius
862 842 953 903 vertit,
967 849 996 891 et
1013 842 1142 892 Cretensis
1160 842 1202 891 iiie
1219 841 1357 904 supposuit

293 930 409 987 tempore
421 924 445 971 N
448 922 545 985 eronie,
556 923 641 971 nulius
652 922 742 971 extitit
752 923 817 971 elios
827 928 873 971 ent
883 921 1012 986 entiqoior
1022 921 1097 969 istius
1107 920 1216 970 nominis
1225 920 1358 983 scriptor.

293 1002 575 1065 XX111.8upposituttr
584 1002 652 1051 hnuc
663 1001 762 1064 DIctyrs
775 1016 826 1050 non
838 1000 920 1050 inisse
930 1000 1048 1063 Trojene
1063 1000 1237 1064 expeditionis
1254 1001 1356 1050 socirsrn

293 1082 429 1147 probetur,
445 1088 469 1131 l.
486 1096 519 1131 ex
530 1081 658 1131 errorihns
670 1082 727 1144 ejus
739 1081 886 1132 Historicis.
920 1080 1020 1130 XXIV.
1036 1085 1060 1129 2.
1073 1082 1111 1128 Ex
1123 1080 1238 1130 Poiticis
1250 1080 1359 1141 figmen-

293 1164 328 1214 tis
338 1162 460 1212 historice
470 1162 502 1210 nh
514 1162 570 1225 ipso
578 1162 692 1211 traditis.
726 1162 815 1211 XXV.
836 1166 861 1211 ⁸.
881 1160 956 1212 Quod
967 1161 1022 1223 jam
1041 1168 1103 1209 tunc
1119 1160 1242 1223 'I'rojeooe
1252 1174 1359 1223 semper

293 1249 370 1294 rocet
380 1242 519 1298 Berheros,
531 1242 575 1306 qni
586 1242 660 1290 istius
673 1240 794 1290 rocehnii
805 1253 863 1289 eene
872 1241 953 1289 serior
963 1246 1011 1288 est.
1036 1238 1137 1288 XXVI.
1154 1248 1180 1289 t.
1192 1240 1268 1291 Quod
1275 1240 1359 1289 'ihes-

293 1324 383 1373 eeIierrt
397 1322 523 1384 nominet,
540 1321 727 1383 ‘Corinthum'
743 1329 771 1371 et
787 1321 928 1385 Corcyrem
947 1320 1122 1381 ‘Nolentem’
1133 1334 1190 1385 qne
1202 1321 1359 1383 posterioris

294 1410 355 1453 eunt
374 1402 505 1465 temporis.
544 1402 662 1452 XXVII.
684 1408 708 1451 5.
725 1400 801 1453 Quod
819 1400 853 1449 de
871 1402 976 1449 Punicis
995 1401 1075 1448 itteris
1095 1400 1133 1449 eit
1154 1407 1182 1449 et
1200 1400 1360 1451 diversitate

294 1482 419 1532 sermonis
434 1483 460 1530 in
471 1482 584 1531 Grsecie.
618 1479 749 1531 XXVIII.
761 1484 786 1529 6.
798 1480 873 1532 Quod
883 1480 962 1531 toties
970 1494 1040 1528 enam
1053 1476 1129 1526 fidem
1139 1478 1313 1541 commendet,
1324 1487 1360 1530 nt

294 1564 380 1613 solent
395 1564 469 1613 melas
490 1564 552 1613 fidei
571 1565 695 1613 homines.
728 1562 831 1613 XXIX.
846 1564 947 1625 Dictyn
969 1563 1037 1611 huuc
1058 1564 1231 1626 composuisse
1252 1562 1362 1613 ridetur

295 1642 387 1692 Prexis
396 1658 440 1693 serr
450 1642 613 1707 Euprexides
622 1642 764 1707 Cretensis,
772 1655 882 1707 eumque
895 1642 992 1692 Neroni
1004 1643 1134 1703 chtniisee,
1146 1644 1313 1706 ntprerninm
1321 1642 1361 1691 eh

294 1737 326 1772 eo
342 1730 552 1787 consequeretur,
565 1721 633 1787 qood
653 1730 680 1771 et
690 1730 844 1773 consecutus
857 1730 906 1785 est,
918 1730 997 1784 otone
1010 1722 1191 1785 antiquitatem
1202 1722 1363 1772 mentiretur

296 1801 427 1863 scriptione
437 1815 494 1850 eem
507 1801 588 1850 iiteris
600 1800 706 1851 Punicis
718 1808 746 1849 et
757 1801 783 1849 in
791 1801 913 1864 Philyrie.
950 1800 1039 1849 XXX.
1057 1802 1184 1865 Prologus
1196 1801 1281 1851 Letini
1293 1801 1363 1851 Dic·

296 1888 353 1942 tyos
365 1878 468 1928 ridetur
479 1880 573 1929 Greec
585 1878 693 1942 primunr
702 1879 826 1943 scriptos,
836 1888 864 1929 et
875 1880 935 1930 dein
947 1880 1039 1929 herine
1052 1894 1149 1937 verens,
1160 1881 1207 1930 sed
1222 1889 1281 1944 post
1291 1881 1362 1944 Sep·

296 1957 361 2007 timii
373 1965 499 2021 tempore.
531 1957 637 2007 XXXI.
655 1958 791 2022 interpres
810 1966 897 2008 temen
916 1960 959 2008 iiie
975 1960 1179 2009 eecoronroderit
1194 1973 1252 2009 enm
1266 1961 1363 2010 [setino

296 2037 397 2100 Dictyi,
405 2043 434 2086 et
445 2037 542 2086 errerit
552 2038 578 2086 In
586 2051 628 2094 eo.
638 2037 707 2103 qnod
718 2038 813 2102 Dictys
830 2038 930 2088 I’noice
947 2039 1082 2102 seriptum,
1099 2047 1128 2088 et
1144 2038 1239 2089 (irrece
1256 2052 1363 2090 reserem

296 2117 385 2167 tredit.
408 2116 527 2167 XXXII.
537 2118 656 2181 Septiurii
666 2118 784 2181 Epistoie
792 2118 905 2181 genuine
914 2126 965 2181 eet,
977 2128 1068 2168 contre
1077 2133 1152 2183 quesn
1162 2121 1244 2170 sentit
1254 2122 1365 2171 hicrce·

296 2210 350 2260 roe,
361 2197 436 2260 eujus
449 2198 560 2247 retioucs
571 2196 736 2249 refelinntur.
768 2198 903 2249 XXXIII.
916 2200 1035 2262 Septimii
1044 2207 1107 2249 setes
1119 2214 1152 2248 ex
1164 2201 1198 2251 Q.
1206 2199 1295 2262 Aredii
1306 2202 1366 2252 ttu-

295 2274 350 2338 flni,
366 2276 409 2326 cni
432 2276 572 2341 Epistoiens
590 2276 733 2340 inscripsit,
755 2286 834 2327 erere
852 2286 894 2329 eet
915 2279 1071 2343 indegende.
1102 2280 1226 2330 Homines
1243 2282 1366 2344 piurimis

295 2356 440 2406 nominibus
449 2357 659 2407 constentinIsno
671 2360 767 2409 seculo
779 2359 891 2423 prediti,
907 2362 997 2410 citime
1015 2361 1126 2410 mexiroe
1145 2361 1274 2424 designari
1291 2362 1364 2412 ecie-

297 2434 369 2485 hent.
395 2436 522 2487 XXXIV.
539 2439 572 2489 0.
593 2438 684 2489 Aradii
704 2440 790 2490 Itntini
806 2450 870 2491 eree
888 2441 1034 2507 Indegstnr,
1051 2451 1079 2493 et
1098 2442 1197 2493 iemiiie
1215 2442 1367 2498 ordinetur.

297 2515 409 2566 XXXV.
425 2517 566 2581 Septimius
583 2518 687 2568 videtur
703 2521 847 2571 Senetorie
863 2520 943 2572 iniere
963 2523 1105 2586 dignitatis,
1117 2522 1250 2573 femiiierie
1260 2525 1365 2588 qnippe

297 2595 342 2644 isti
354 2595 455 2657 Rufino,
474 2606 503 2647 et
513 2597 580 2648 forte
591 2601 632 2649 rei
650 2601 757 2662 Bessos,
768 2602 808 2650 rei
820 2599 981 2667 Acindynus,
992 2605 1037 2668 qni
1049 2602 1174 2654 Pressecti
1189 2600 1293 2654 t'uerunt
1307 2605 1365 2654 Ur·

297 2672 344 2724 his.
379 2676 509 2728 XXXVI.
526 2679 599 2728 Vixit
617 2685 732 2744 tempore
745 2682 901 2732 Diocletieoi
909 2689 938 2732 et
949 2685 1026 2746 panto
1044 2690 1111 2746 post,
1127 2683 1252 2747 istemqne
1263 2685 1364 2734 rereio·

297 2769 356 2804 nem
380 2755 444 2806 fecit
463 2756 553 2808 forsen
572 2759 632 2809 odio
651 2761 848 2811 Christianismi.
881 2762 1027 2813 XXXVII.
1045 2762 1148 2825 Essent,
1156 2763 1199 2827 qni
1211 2777 1269 2813 oum
1281 2764 1366 2828 ionge

297 2835 366 2886 infre
383 2837 578 2888 constentinnm
589 2841 736 2890 densittunt.
772 2842 930 2892 XXXVIII.
947 2843 1035 2908 Negis
1049 2850 1135 2892 entem
1153 2844 1300 2909 Scioppius,
1314 2844 1366 2908 qni

298 2928 357 2964 eum
368 2923 395 2967 et
406 2918 463 2980 ejus
474 2920 569 2984 stylum
584 2922 701 2983 proxime
713 2921 746 2971 ed
759 2921 837 2972 Corn.
856 2923 986 2987 Nepotem
1003 2923 1128 2973 secedere
1142 2931 1242 2975 censet.
1273 2924 1367 2986 septt-

299 2996 390 3044 miense
409 2997 545 3047 locutionis
556 3001 676 3063 seempie
692 3000 725 3050 eh
742 3016 798 3049 ero
811 3002 922 3066 Nepotis
933 3004 1025 3052 aliene.
1057 3003 1190 3054 XXXIX.
1206 3003 1367 3068 VerieSep-

301 3075 399 3125 timieni
419 3077 529 3142 Dictyoe
548 3079 606 3129 iore
624 3081 804 3133 emendentur.
837 3083 894 3134 XI..
910 3082 972 3134 esra
990 3083 1154 3134 rIndicentur
1171 3085 1366 3148 ecostjectnrie

299 3156 338 3206 Ci.
350 3156 491 3220 vindingii.
524 3158 596 3210 XII.
615 3159 746 3210 Nonnuiie
760 3163 827 3212 maie
838 3163 928 3214 itidem
939 3165 973 3213 sh
983 3177 1015 3214 eo
1027 3170 1137 3227 tentete,
1146 3178 1198 3214 nec
1207 3163 1271 3214 setie
1282 3163 1366 3214 intei-

298 3236 377 3300 ieote,
387 3239 560 3302 explicentur.

269 3385 293 3430 ι.
317 3369 468 3433 Dtcuutt
491 3367 698 3449 Cretensem,
712 3372 882 3438 Idomenei
902 3375 1106 3440 Cretensium
1122 3375 1241 3456 Reguli
1254 3378 1367 3442 cosni-

266 3478 332 3535 tem
351 3470 386 3533 in
404 3471 493 3534 hello
508 3471 667 3555 Trojano,
691 3475 788 3559 cujus
806 3478 940 3542 nomine
956 3477 1143 3541 Historiam
1159 3478 1260 3540 istius
1280 3479 1366 3543 beili

266 3567 406 3633 laudant
427 3570 557 3651 passim
572 3571 684 3638 Graeci
707 3575 921 3655 scholiastae,
935 3577 1166 3654 Grammatici,
1183 3577 1365 3657 Rhetores,

267 3669 506 3736 chronicorum
528 3672 729 3757 Scriptores,
746 3680 805 3762 qui
824 3679 958 3746 fuerunt
980 3680 1126 3762 sequiori
1145 3698 1230 3756 aevo,
1244 3678 1304 3742 sed
1327 3689 1368 3744 et

267 3790 363 3835 suum
379 3776 508 3838 ornavit
521 3776 668 3841 libellum
684 3779 878 3862 Septimius,
893 3783 923 3846 si
937 3782 1085 3845 menime
1100 3781 1207 3845 isthoc
1228 3781 1366 3847 nomine

267 3874 351 3937 inter
366 3874 537 3940 Idomenei
549 3880 687 3943 comites
703 3883 879 3965 quisquam
891 3883 1017 3960 extitit,
1028 3882 1110 3946 nihil
1133 3888 1243 3945 tamen
1254 3883 1370 3968 scrip-

268 3971 356 4040 sisse
371 3983 403 4038 et
418 3979 563 4059 posteris
577 3981 768 4062 prodidisse
782 3991 895 4050 certus
910 4005 995 4079 sum.
1039 3983 1131 4063 Quin
1141 3983 1243 4048 miror
1252 3982 1366 4050 inisse

155 4145 162 4158 ,
269 4075 426 4140 Eruditoe
448 4097 523 4142 curn
548 4079 660 4163 hujus,
674 4090 743 4149 turn
768 4087 918 4169 pristiam
945 4088 1064 4163 aetatis,
1079 4087 1200 4170 quibos
1225 4107 1367 4172 persua·

268 4174 339 4239 deri
355 4179 467 4259 potuIt
482 4185 552 4243 tem
568 4183 697 4266 antiqui
712 4205 790 4250 vere
804 4186 948 4252 hominis
964 4206 1050 4266 esse,
1067 4189 1158 4270 qnod
1173 4189 1365 4255 eonomine
