2959 4875
542 355 660 407 sonna
684 328 845 408 rantes(
1188 350 1232 416 27

141 500 228 565 unde
242 506 275 563 et
288 499 384 565 loeus
398 498 574 571 dicebatur
587 502 807 583 gymnasium.
849 498 978 567 Lucan.
995 518 1062 567 νιι.
1079 502 1229 588 anrsni

11 596 12 629 ³
140 602 215 665 270.
257 600 401 667 Luciun.
416 600 453 665 iu
462 598 704 699 Auucburd.)
712 608 894 679 ceromata,
906 602 943 667 id
955 609 1024 681 est,
1036 604 1231 673 etirletsrnm

142 701 213 765 obn
227 699 364 771 inuncti,
380 706 418 765 ut
431 720 549 765 manus
562 702 714 769 fallerent
728 702 1059 785 apprehendentium.
1101 705 1228 775 Ιιιιοιιιι.

143 816 190 861 ιι.
205 799 356 866 Pbarsnl.
376 800 455 865 613.
481 800 522 863 de
549 800 696 867 Hercule
719 802 896 873 luctaturo.
917 803 1058 882 Statius,
1075 821 1122 869 vr.
1142 807 1228 873 'lbe-

140 899 229 963 buid.
242 900 319 965 83⁰.
363 899 461 964 Unde
476 918 551 964 rese
565 901 710 965 invicem
725 920 826 966 arena
844 901 943 984 jacta
956 908 1228 999 consperpebnut,

140 1006 179 1063 ut
204 998 332 1063 lubrica
361 1017 504 1081 corpora
525 999 760 1081 prebensiones
779 1002 1001 1069 admitterent.
1045 1002 1144 1071 Ovid.
1167 1024 1226 1071 rx.

140 1098 404 1167 brenmulam
416 1100 536 1165 endem
552 1100 708 1167 Hercule.
753 1102 893 1186 Quippe
913 1104 949 1168 in
970 1104 1116 1172 luctare
1136 1106 1225 1171 iuvi·

139 1218 293 1265 cumcun
308 1200 536 1273 verberabant
551 1199 613 1264 sed
637 1201 845 1267 solummodo
859 1203 1174 1285 complectebantur,
1189 1212 1228 1271 nt

139 1300 226 1367 alter
240 1301 382 1371 alterurn
394 1298 663 1382 humi-,dejiceret
708 1302 750 1367 ln
765 1320 832 1385 quo
846 1303 1032 1383 praesertim
1040 1303 1227 1373 laudandus

139 1400 275 1477 athleta,
298 1402 356 1483 qui
381 1406 643 1477 concertantem,
670 1403 743 1465 sine
770 1402 916 1485 pulveris
946 1402 1044 1485 iaetu
1071 1406 1226 1472 vinceret

137 1500 226 1565 Plin.
244 1502 291 1564 Η.
309 1501 387 1565 Nat.
405 1515 532 1565 xxxv.
544 1502 595 1563 ll.
610 1502 653 1565 de
670 1500 1061 1584 Dioxippo=Alcimacbi

180 1600 231 1665 Hi
246 1620 328 1666 vero
342 1601 521 1667 luctatores
535 1600 568 1663 in
583 1599 847 1683 Segestanorum
864 1600 897 1663 N
900 1620 1011 1665 ummo
1025 1606 1227 1683 spectantur,
1244 1610 1253 1627 ‘

139 1702 227 1783 apud
260 1700 435 1783 Begernrn,
463 1700 623 1765 Thesaur.
651 1700 817 1765 Braudeb.
845 1702 880 1766 in
902 1700 997 1765 Sicil.
1026 1700 1130 1765 Num.
1150 1704 1227 1768 370.

138 1803 255 1885 quales
266 1808 299 1867 et
320 1820 363 1865 ex
377 1800 630 1885 Aspendiorum
645 1802 748 1867 Num.
763 1822 782 1866 e
798 1801 921 1866 Patino
936 1820 1042 1884 nuper
1056 1801 1226 1881 dederam,

138 1902 182 1969 ad
195 1901 297 1967 Ouid.
314 1902 455 1967 Hernid.
470 1902 523 1967 18.
545 1903 655 1986 Epist.
668 1912 704 1969 et
725 1902 905 1981 Martialis,
921 1918 973 1966 ιι.
987 1904 1041 1967 56.
1052 1905 1087 1968 7.
1131 1903 1227 1982 Quos

138 2014 248 2067 tamen
266 2008 338 2067 arte
351 2008 385 2066 et
399 2002 565 2084 elegantia
585 2009 744 2085 superant
763 2003 961 2067 luctatorum
984 2001 1121 2080 Statum,
1135 2004 1227 2087 apud

138 2104 348 2181 Perrierium,
362 2096 597 2187 Episcopium,
609 2110 814 2187 ceterosque
835 2102 1122 2169 Monumentorum
1136 2124 1226 2172 mar·

140 2222 324 2271 marcorum
339 2204 551 2271 collectores.
680 2270 685 2279 ,

477 2414 585 2482 XIV.
631 2414 891 2484 NAUPLIUS.

533 2565 613 2630 Lis.
630 2583 680 2630 vr.
702 2565 793 2630 Csr.
808 2565 841 2630 l.

141 2715 230 2784 ‘Eos
252 2717 422 2800 Nauplius
444 2718 550 2782 ultum
571 2717 612 2782 iri
636 2716 776 2799 cupiens
798 2713 990 2780 Palamedis
1010 2733 1137 2791 necem,
1166 2733 1226 2798 per

180 2825 311 2882 noctem
325 2819 394 2899 igni
408 2817 496 2880 elato
509 2815 553 2880 ad
566 2834 608 2880 ea
627 2815 704 2881 loca
718 2813 904 2892 deflectere,
920 2821 1077 2898 tauquam
1092 2814 1135 2880 nd
1149 2835 1226 2898 por·

181 2925 251 2984 tum
266 2916 442 3001 coegerat!

177 3035 395 3113 vamns,
419 3031 570 3118 Neptuni
592 3038 627 3097 et
638 3029 846 3116 Amymones
867 3033 1050 3114 iilius-,rex
1074 3027 1223 3108 Enbaeae,

139 3145 234 3220 pater
248 3135 449 3201 Palamedis.
495 3133 609 3211 Hunc,
625 3129 762 3216 Ulyssit
780 3139 864 3208 erte,
881 3131 1013 3216 judicio
1035 3133 1151 3214 iniquo
1164 3133 1227 3194 eir·
1297 3142 1301 3147 ⁴

138 3243 359 3314 cnmreutnru,
373 3235 545 3319 lapidibus
558 3235 737 3300 obruerant
749 3233 871 3298 Graeci.
894 3233 1008 3309 Pater,
1018 3230 1225 3295 ulcisceudm

138 3342 231 3405 necis
255 3337 388 3414 aridus,
413 3335 583 3402 Graeciam
605 3336 793 3400 universam
814 3341 1019 3417 peragratur,
1038 3347 1228 3413 uxoresque

137 3441 335 3524 principum,
351 3437 410 3521 qui
425 3435 828 3520 ad‘l'rojam‘militabant,
843 3434 876 3497 in
886 3432 1048 3514 juvenum
1062 3429 1227 3496 adulteria

137 3541 277 3624 pellicit,
296 3539 442 3603 futurum
468 3555 620 3621 speruus,
643 3541 680 3602 ut
698 3533 919 3600 atrocissimis
943 3535 988 3597 ob
1009 3533 1094 3598 banc
1105 3527 1226 3615 jurgiis

137 3645 222 3708 intur
235 3659 296 3706 eos
310 3639 446 3718 exortis,
457 3657 574 3704 necem
589 3635 780 3702 Palamedis
801 3634 895 3701 erede
910 3641 1026 3700 mutua
1039 3634 1226 3719 expiarent.

138 3743 311 3819 Praeterea,
334 3742 478 3819 Graecis,
499 3759 617 3806 eversa
633 3740 706 3823 jum
721 3739 835 3823 Troja,
856 3737 1070 3801 redeuntibus
1091 3750 1133 3801 ec
1145 3741 1225 3799 tem·

138 3853 267 3928 pestate
294 3843 540 3921 laborantibus,
562 3861 585 3906 a
614 3839 792 3923 Caphereo
823 3837 964 3903 Euboese
1000 3835 1226 3920 promontorio

139 3947 243 4031 ignem
259 3946 424 4038 extendit,
438 3943 646 4027 classemque
659 3949 817 4025 tanquam
841 3939 884 4004 ad
904 3939 1081 4003 salutarem
1095 3941 1225 4020 portum

139 4049 393 4134 adnaviganteru
414 4045 448 4108 in
464 4040 664 4110 Cboerudum
687 4042 886 4127 asperrimos
900 4039 1041 4125 pellexit
1054 4035 1224 4120 scopulos,

142 4168 388 4232 aerumnnsoque
410 4148 588 4230 castigavit
616 4143 801 4226 naufragio.
845 4141 892 4206 At
921 4139 1104 4223 intelligens
1132 4145 1225 4222 post·
