2959 4875
229 356 273 423 st
499 370 578 421 nnc.
601 362 791 421 rnnrzonn
817 366 1068 421 nrsssnrnrru

232 524 321 611 qnod
330 523 403 607 jum
418 523 501 589 satis
512 542 619 607 supra
632 520 889 589 confutavimus.
932 520 1062 587 Verum
1076 520 1120 587 de
1134 521 1224 606 stylo
1234 520 1330 606 quod

185 688 189 695 .
232 627 291 702 ait,
307 625 495 690 indecorum
511 630 573 702 est,
588 624 635 689 ita
648 623 773 700 vivam,
789 622 875 701 viro,
890 623 950 707 qui
963 623 1138 689 latinitati
1149 628 1327 707 tantopere

231 727 387 793 attendit.
431 725 523 804 Quid
549 726 662 790 enimi
704 723 762 789 An
791 726 835 791 ad
859 724 1006 809 Nepotis
1033 726 1172 810 stylum,
1200 723 1327 790 autad

230 826 353 893 Velleii
383 844 493 893 aevnm
522 826 685 892 accedunt
708 825 942 891 ‘Contestani'
969 826 1090 891 eodem
1118 844 1327 909 senemque

230 942 319 993 nnec
336 925 438 1009 vulgo
453 926 572 992 dicunt
595 926 803 992 ‘Protestari
817 925 837 991 :'
865 925 1024 991 ‘Testari
1036 926 1130 991 brevi
1144 925 1327 1002 ultionem?

231 1027 299 1091 lroc
321 1020 385 1105 est,
400 1027 529 1107 minari,
544 1026 765 1093 denunciare:
795 1026 1031 1111 ‘adhospitnre
1048 1027 1115 1092 sibi
1136 1026 1253 1104 neos:
1279 1044 1327 1091 ex

233 1126 430 1205 Graecisms,
452 1129 495 1190 tul
517 1127 593 1213 ξενίᾳ
614 1130 731 1191 nmio:
753 1128 972 1195 ‘Reformare
1002 1128 1112 1193 diem:
1134 1146 1212 1193 cum
1233 1128 1327 1193 nullo

231 1230 380 1296 remedio
401 1230 523 1297 mederi
544 1230 679 1313 posset:
700 1232 854 1315 passive:
878 1229 1040 1296 ‘Funus'
1060 1250 1122 1313 pro
1137 1232 1213 1314 ipso
1227 1229 1330 1294 cada«

232 1337 360 1396 verset
383 1332 557 1417 sepulcro:
582 1331 738 1397 ‘Cuncta
763 1338 912 1399 extrema
933 1338 1029 1397 ratus
1049 1331 1213 1416 experiri:
1235 1330 1333 1395 ‘Re-

234 1432 386 1499 darmaro
399 1451 518 1497 manns
529 1434 549 1499 ε’
572 1432 765 1516 ‘Gonjuges
781 1432 1044 1519 Principalinm,'
1058 1432 1152 1515 quod
1170 1432 1328 1515 frequens

233 1534 401 1616 sequioris
417 1536 482 1601 aeri
497 1535 738 1619 scriptoribus:
762 1534 877 1600 ‘Alter
898 1534 1128 1600 Echinadibus
1138 1534 1329 1618 imperator,

233 1634 604 1720 Agapenordrcadiae?
615 1636 797 1702 ‘Desinere
807 1636 1036 1723 pernoctando
1047 1635 1141 1700 homi
1150 1633 1170 1699 τ’
1184 1632 1330 1713 ‘Quanti

233 1738 399 1817 mortales,
416 1739 553 1821 quinam
568 1744 604 1803 et
617 1738 735 1821 quanti
750 1736 952 1823 Pelopida:
965 1737 1032 1803 hoc
1046 1742 1108 1814 est,
1124 1741 1218 1821 quot,
1233 1736 1329 1819 quod

235 1838 492 1908 usitatissimum
507 1839 570 1905 luit
584 1838 794 1921 Septimiano
807 1858 902 1904 aero:
925 1837 1134 1903 ‘Delutarez'
1155 1837 1216 1902 ‘la
1237 1837 1332 1919 Aga·

233 1943 398 2005 memnoni
412 1941 597 2017 insinuans,
611 1958 688 2023 quse
704 1941 795 2005 circa
815 1939 921 2005 tiliam
942 1939 1016 2023 eJus
1037 1940 1239 2016 euenissent,
1257 1938 1332 2003 nni·

233 2056 324 2107 mum
346 2048 446 2126 etque
469 2048 620 2107 ornatum
642 2041 729 2125 regis
751 2040 964 2127 reformarit:
976 2040 1043 2105 hoc
1063 2047 1130 2116 est,
1144 2040 1280 2128 comiter
1294 2043 1332 2102 et

234 2143 383 2208 modeste
405 2143 612 2225 significans:
635 2144 773 2227 ‘Super
796 2161 872 2227 quse
895 2142 1042 2226 iuvenis,
1065 2140 1160 2206 alind
1184 2147 1331 2226 tempus,

234 2243 336 2309 alium
348 2244 479 2322 locum,
495 2250 738 2328 tractatumque
761 2246 834 2310 iore
855 2243 1037 2329 respondit.
1080 2242 1126 2309 Et
1139 2242 1331 2327 indignatus

233 2345 382 2410 nondum
397 2347 463 2412 sibi
486 2366 507 2409 a
528 2346 665 2412 Priamo
687 2346 967 2431 superbiaque
990 2365 1103 2410 secum
1119 2350 1332 2422 tractaverat,

234 2447 450 2526 mandatum,’
477 2450 543 2514 hoc
580 2455 641 2526 est,
672 2449 885 2514 nunciatum:
909 2448 1113 2514 ‘Rumorern
1143 2448 1179 2512 in
1205 2445 1333 2511 Verum

235 2554 411 2615 merant.
435 2549 587 2628 ‘Solito,’
597 2551 770 2617 absolute:
787 2549 1008 2616 ‘Goadnnaro
1018 2549 1037 2615 ε’
1051 2549 1212 2631 Quietum
1221 2547 1334 2613 disce-

237 2647 338 2730 ditur,
360 2650 424 2716 hoc
447 2659 512 2729 est,
532 2651 706 2718 cubitumz
742 2651 921 2718 ‘Relatum
946 2651 1054 2718 differt
1079 2652 1113 2715 in
1138 2649 1332 2736 proximum

235 2751 348 2832 diem,'
361 2753 426 2818 hoc
439 2757 504 2831 est,
517 2743 793 2821 renuntiationem
805 2753 982 2837 legationis
994 2773 1076 2818 snae.
1118 2751 1334 2837 ⁸·Snllapsum

237 2853 350 2932 coelo,’
376 2849 441 2920 hoc
457 2861 520 2932 cst,
534 2854 723 2938 delapsum.
769 2855 898 2940 ‘Super
911 2855 1075 2938 qualitate
1099 2873 1217 2919 eornm
1237 2869 1336 2918 exer·

113 3019 116 3026 ,
238 2952 330 3031 tins,'
351 2955 415 3020 hoc
429 2960 494 3033 est,
509 2957 633 3036 nonus,
655 2956 927 3022 ‘essentum'
949 2955 1203 3041 ‘Impossibilia
1216 2959 1335 3039 postn-

239 3054 309 3121 lare
324 3055 344 3119 2’
364 3055 557 3122 ‘Placitum
580 3056 775 3135 confirmat:
794 3058 862 3124 hoc
886 3061 950 3135 ost,
965 3065 1162 3122 conventum
1180 3060 1334 3140 pactum.

238 3157 363 3224 ‘lovis
387 3151 694 3225 Antecedificinlist’
717 3159 867 3226 ‘Forma
890 3156 1151 3244 perlaudabilis.'
1193 3157 1284 3223 llaec
1298 3163 1335 3223 et

238 3259 363 3324 similia
375 3260 451 3344 quis
464 3259 597 3325 tandem
613 3260 742 3327 Latinae
754 3261 930 3344 elegantiae
944 3260 1035 3325 hand
1049 3257 1336 3341 imperitusdixe·

237 3362 289 3424 rit‘
304 3361 394 3426 illins
415 3381 490 3428 esse
512 3362 635 3440 aetads,
660 3380 727 3445 qna
748 3362 897 3428 muirne
918 3363 1036 3427 isthanc
1061 3359 1176 3443 lingua
1196 3359 1334 3425 floruit‘t
1412 3406 1419 3416 ·

239 3459 328 3526 Vide
342 3463 443 3528 etiam
458 3463 582 3530 Olanm
595 3465 814 3542 Borrichium,
826 3471 863 3529 et
877 3459 1086 3532 Gronovinm'
1100 3462 1246 3540 Patrem,
1260 3463 1335 3534 0b÷

240 3581 325 3628 serr.
340 3561 473 3630 Euclea.
487 3565 542 3628 25.

287 3678 436 3728 xxxix.
459 3665 578 3750 Neque
600 3672 710 3734 tamen
725 3670 913 3754 napserim
928 3665 1106 3750 Scioppio,
1120 3665 1212 3749 quod
1228 3664 1335 3746 addit,

240 3765 425 3831 ‘nonnullis
439 3766 527 3832 locis
541 3768 687 3852 Dictyos
702 3769 827 3854 aliquid
842 3769 923 3834 mali
938 3787 961 3832 a
976 3768 1066 3832 mala
1075 3785 1152 3831 esse
1162 3766 1335 3849 objectum

240 3865 363 3931 manu?
399 3865 475 3932 Nec
487 3869 574 3933 enim
589 3869 717 3950 dubito,
733 3873 816 3955 quin
824 3870 940 3936 multis
955 3868 1196 3933 inlocisetiam
1206 3867 1337 3932 librari·

240 3985 332 4031 orum
347 3967 451 4050 culpa
476 3967 626 4053 Scriptor
639 3971 696 4036 hic
717 3971 811 4037 soeda
832 3973 878 4038 sit
902 3970 1099 4053 stribiligine
1121 3970 1273 4048 vitiatus,
1298 3975 1337 4033 et

241 4054 411 4150 complura
423 4067 497 4152 ejus
511 4071 644 4151 generis
667 4073 770 4137 etiam
789 4091 879 4138 nunc
892 4071 1073 4152 supersint.
1116 4068 1240 4134 Eorum
1253 4087 1337 4133 non-

242 4166 466 4232 nullanostrne
481 4170 775 4240 animadversionis
787 4172 1073 4257 hicprofcremus.
1095 4168 1156 4235 Sic
1168 4169 1233 4234 nd.
1245 4173 1257 4205 ‘
1268 4169 1342 4234 Po-
