2959 4875
430 914 529 1003 An
579 918 970 1013 Lucrounur.
1033 860 1038 867 ¹

158 1364 371 1461 Pusrousn
389 1384 432 1449 L.
447 1384 593 1463 Florum,
608 1388 641 1451 iu
667 1406 764 1453 usum
783 1389 1031 1457 Suusurssrnr
1046 1391 1239 1457 Ducuntur

157 1482 251 1559 edidi,
267 1484 405 1562 lectur,
421 1486 559 1570 Dictyui
576 1486 768 1553 Cretensem
783 1489 931 1555 debello
945 1490 1093 1575 Trojano
1109 1490 1242 1573 aggredi

153 1582 245 1666 jussu
255 1604 344 1649 sum.
390 1586 520 1651 Notum
535 1595 678 1662 esteum
693 1590 793 1672 vulgo
804 1593 1057 1673 supposititium
1068 1592 1171 1669 credi,
1182 1592 1243 1657 sed

156 1700 204 1747 res
216 1685 348 1750 creditu
372 1692 502 1751 tuntum
523 1696 558 1753 et
580 1709 602 1753 n
620 1691 751 1755 neruiue
765 1690 873 1755 adhuc
888 1693 1040 1774 probatu.
1082 1690 1244 1769 Quereid

122 1864 126 1872 ⁸
156 1785 319 1867 inprimis
333 1788 416 1851 milri
431 1790 638 1872 probandum
646 1793 776 1874 pntnui,
790 1798 826 1855 et
837 1792 881 1855 iis
894 1794 1107 1875 argumentis,
1119 1793 1245 1875 quibus

157 1884 238 1951 ides
267 1888 421 1970 derogari
445 1908 512 1953 uon
537 1900 662 1973 posset,
684 1892 939 1975 pervinceudunr
959 1894 1080 1957 fulsum
1104 1894 1243 1977 Dictysr

156 2006 226 2052 esse
249 1988 349 2053 lruuc.
404 1988 504 2071 Coepi
533 1992 645 2079 itaque
669 1999 826 2055 accurate
848 2010 916 2057 rem
941 1992 1109 2076 persequi,
1133 2011 1243 2075 cuque

156 2089 263 2154 omnis
278 2088 451 2171 colligere,
465 2109 545 2172 quse
564 2092 635 2174 jam
650 2092 730 2156 oliuu
752 2093 837 2155 beue
851 2094 956 2157 multu
969 2091 1243 2157 licuntuudver·

156 2195 255 2253 ternus
270 2211 290 2253 e
306 2192 490 2268 veteribus,
505 2192 559 2256 rel
573 2194 749 2257 immutate
770 2193 825 2255 vel
843 2192 1053 2269 udumbrutu,
1066 2199 1168 2274 utque
1182 2193 1242 2269 its,

157 2288 243 2371 qnod
268 2291 380 2371 prima
408 2290 515 2355 fronte
542 2291 622 2356 mihi
658 2310 725 2354 uon
751 2293 885 2373 exignus
914 2292 1014 2355 mulis
1046 2310 1123 2355 esse
1151 2291 1244 2356 vide·

156 2389 258 2468 betur,
274 2390 389 2456 forioes
413 2392 480 2455 lere
509 2410 639 2469 omues,
660 2391 750 2457 uude
771 2410 835 2455 sus
853 2388 969 2455 lrurisit
991 2390 1042 2457 sic
1066 2396 1190 2469 noster,
1205 2398 1244 2456 ut

157 2490 323 2555 lristcrinm
341 2511 438 2554 sunm
453 2491 678 2570 concinnaret,
693 2493 824 2578 operui·
880 2493 1002 2556 Hebes
1022 2493 1136 2574 igitur,
1159 2493 1243 2556 laec·

157 2595 214 2668 tos,
229 2591 498 2675 Pseudodictyru
521 2595 728 2672 historicum,
744 2594 804 2658 sed
821 2595 931 2658 utilem
947 2600 1058 2656 tumen
1079 2600 1114 2658 et
1134 2593 1244 2658 erudi⁴

157 2701 236 2757 tum.
282 2694 321 2758 ls
352 2712 434 2757 sune
461 2703 587 2758 ueteres
608 2715 725 2760 omues
748 2696 927 2776 scriptores
952 2693 995 2757 de
1027 2692 1244 2776 expeditione

158 2795 366 2868 Graecorum,
381 2795 490 2877 deque
519 2815 629 2860 eorum
657 2796 777 2872 reditu,
804 2794 976 2876 diiigenter
1003 2794 1177 2876 pervolvit,
1198 2813 1244 2858 ex

159 2917 273 2985 eurum
287 2896 555 2978 discrepantibus
577 2898 739 2963 interdum
760 2897 931 2962 sententiis
943 2913 1006 2958 ees
1028 2895 1156 2976 sepius
1175 2893 1244 2959 ele·

159 2998 213 3080 git,
227 3015 305 3080 quae
321 3013 344 3060 u
364 2996 516 3076 pluribus
530 3002 565 3059 et
577 3017 598 3062 u
612 2998 820 3080 gravioribus
833 2995 1017 3060 truduntur.
1060 2995 1097 3058 Is
1109 2994 1245 3078 potiticu

160 3100 268 3162 ummo
280 3097 437 3180 figmenta
451 3100 604 3171 resecuit,
621 3097 671 3162 vel
686 3117 727 3162 eu
739 3097 781 3160 sd
793 3096 941 3160 historiae
953 3094 1053 3158 fidem
1062 3096 1112 3158 sic
1127 3095 1245 3159 immu-

160 3200 250 3275 tarit,
273 3205 313 3262 ut
325 3197 409 3262 nihil
423 3205 539 3262 contre
554 3197 878 3262 verisimilitudinem
891 3204 1017 3279 peccet.
1062 3195 1244 3260 Homerum

159 3300 330 3383 precipue
344 3300 506 3382 sequitur,
521 3319 541 3362 u
555 3319 621 3382 quo
638 3309 749 3365 tumen
764 3300 891 3382 saepius
904 3297 1071 3372 dissentit,
1086 3305 1124 3360 ut
1137 3296 1191 3359 vel
1203 3295 1245 3358 de

159 3400 396 3482 temporeipso
411 3397 645 3480 expeditionis.
690 3400 860 3464 Homerus
881 3401 1245 3481 quipps,ctposteum

159 3502 215 3564 ulii
228 3503 313 3565 bene
333 3501 442 3578 multi,
462 3507 552 3565 totus
575 3502 691 3583 viginti
714 3519 818 3565 uuuos
842 3500 919 3563 huic
941 3501 1104 3563 iusumtus
1117 3496 1244 3573 dicunt,

145 3618 277 3686 nempe
302 3603 496 3667 decennium
520 3605 680 3668 exercitui
706 3602 906 3684 colligendo,
919 3607 953 3664 ot
967 3599 1110 3663 alterum
1123 3598 1244 3663 decen·

160 3703 246 3767 nium
261 3701 305 3766 sd
321 3701 461 3784 Trujem
483 3703 651 3778 bellando,
666 3705 716 3766 its
729 3705 815 3765 euim
829 3701 920 3784 upud
934 3717 1014 3764 eum
1030 3699 1179 3764 Helene.

323 3801 403 3877 'iliu
417 3805 476 3887 γὰρ
491 3810 535 3866 νῦν
547 3829 596 3883 μοι
605 3803 667 3866 roi·
682 3807 805 3877 εἰκοστὸς
820 3800 878 3876 ἔτος
890 3802 976 3880 luris,

330 3902 386 3978 Ἐξ
397 3899 427 3964 οὔ
437 3903 520 3966 κεῖθεν
533 3903 609 3982 ἔβην,
625 3905 673 3966 καὶ
689 3906 756 3985 ὒμῆς
768 3901 930 3980 bertinda
945 3899 1063 3985 πᾶτρης.

252 4069 258 4083 .
330 4019 354 4084 J
355 4039 409 4084 um
420 4019 506 4084 enim
519 4041 607 4085 nuuc
623 4021 701 4086 milri
711 4021 894 4102 vigesimus
908 4037 1015 4081 nunus
1029 4023 1094 4092 est,

330 4119 465 4203 Exque
479 4122 542 4186 huc
559 4123 634 4186 veui
650 4130 683 4188 et
698 4143 718 4186 u
732 4141 806 4186 meu
818 4119 963 4184 discessi
976 4119 1095 4202 putria.
1202 4205 1208 4212 ι
