2959 4875
439 347 488 395 on
513 346 632 395 unaco
656 346 829 397 uaesano
854 348 925 395 arn.
950 348 999 397 tv.
1191 329 1258 397 223

163 494 233 566 tus,
244 488 433 553 et'clamore
444 487 572 568 lugubri
582 488 687 555 Troili
699 508 816 553 casum
825 490 1055 561 miserandum
1069 491 1104 554 io
1118 490 1256 558 mudum

163 590 300 666 deflent,
316 588 479 653 recordati
494 594 627 653 mntem
641 588 715 672 ejus
729 588 909 655 admodum
925 591 1132 655 immaturam
1143 599 1174 656 :⁸
1196 592 1256 674 qui

162 689 329 773 inprimis
345 688 496 772 pueritiae
512 690 620 766 aunis,
637 708 712 753 cum
728 689 927 755 verecundia
941 710 982 755 ac
997 692 1171 774 probitate,
1185 697 1266 757 tum*

160 792 336 873 -prmcipne
351 792 459 854 lorma
473 789 623 871 corporis
637 789 803 866 amabilis,
823 796 922 873 atque
940 798 1100 875 acceptus
1113 787 1270 886 popula-'fl
1306 835 1309 841 -

163 890 258 954 ribus
271 890 494 955 adolescebat.
537 890 619 973 [lu]
643 890 728 954 Dein
743 894 920 957 transactis
935 895 1053 976 paucis
1067 894 1185 958 diebus
1199 889 1272 959 so·'

164 992 258 1055 lenoe
272 992 462 1077 Thymbraei
478 990 646 1075 Apollinis
668 993 818 1068 incessit,
831 999 866 1056 et
880 993 1013 1075 requies
1033 993 1179 1059 bollandi
1193 1015 1254 1077 per

163 1092 317 1164 inducias
331 1094 545 1177 interposita:
568 1100 638 1155 tom
652 1099 796 1176 utroque
809 1096 957 1159 exercitu
976 1095 1142 1159 sacrificio
1156 1096 1255 1161 ineis·
1274 1077 1281 1093 ⁸

158 1198 263 1268 mute,
288 1194 436 1258 Priamus
452 1201 582 1275 tempus
596 1200 726 1272 nactus,
742 1194 896 1258 Idaeum⁸
915 1195 958 1259 ad
976 1195 1139 1259 Achillem
1151 1215 1253 1279 super

159 1292 342 1377 ¹Polyxena
356 1312 434 1357 cum
447 1292 611 1358 mandatis
625 1294 733 1359 mittit.
776 1293 844 1359 Sed
867 1296 927 1359 nbi
947 1294 1100 1360 Achilles
1123 1297 1158 1360 in
1175 1298 1253 1363 luco

164 1413 208 1459 ea
228 1412 305 1477 quae
321 1394 453 1476 perlato
472 1400 569 1459 erant
589 1394 632 1457 ab
658 1391 774 1459 Idteo¹
799 1398 977 1478 separatim
994 1397 1038 1461 ab
1051 1396 1127 1461 aliis
1141 1416 1252 1481 recog·

163 1496 285 1574 noscit,
306 1496 440 1577 cognita
454 1514 489 1558 re
503 1495 594 1578 apud
609 1510 710 1559 naves
720 1496 870 1577 suspicio
884 1495 1021 1560 alienati
1033 1496 1141 1573 ducis,
1156 1506 1189 1564 et
1208 1500 1252 1562 ad

162 1604 367 1679 postremum
395 1596 576 1679 indignatio
600 1602 729 1660 exorta.
782 1594 939 1677 Namque
965 1601 1064 1658 antea
1090 1615 1251 1662 mmorern

162 1698 362 1779 proditionis
374 1704 482 1763 ortum
496 1694 696 1762 clementerb
714 1716 775 1779 per
788 1696 973 1760 exercitum
987 1696 1022 1759 iu
1036 1715 1149 1761 verum
1163 1704 1252 1761 trax·
1355 1741 1359 1746 -

161 1806 263 1863 erant.
307 1798 365 1862 Ob
376 1816 464 1881 quse,
479 1798 577 1863 simul
592 1798 640 1863 uti
655 1798 843 1863 concitatos
857 1797 975 1861 militis
989 1797 1120 1861 animus
1134 1797 1251 1863 lenire·

163 1904 227 1978 tar,
245 1899 334 1982 Ajax
349 1919 424 1965 cum
443 1899 607 1965 Diomede
623 1905 656 1964 et
671 1899 794 1984 Ulysse
807 1900 852 1963 ad
866 1900 978 1963 lucum
994 1906 1142 1983 pergunt
1187 1899 1251 1963 lli·

162 2008 327 2085 queunte
362 2001 521 2085 templum
545 2002 714 2080 resistunt,
743 2001 953 2085 opperientes
982 2002 1012 2065 si
1040 2000 1250 2083 egrederetur

157 2101 336 2181 Achillem,
358 2102 520 2184 simulque
540 2104 587 2165 uti
608 2121 679 2167 rern
700 2109 830 2185 gestam
849 2103 986 2186 juveni⁰
1006 2104 1183 2179 releneut;
1206 2103 1249 2167 de

161 2210 270 2267 cetero
293 2202 391 2267 etiam
415 2201 624 2278 deterrerent,
644 2202 678 2267 in
702 2202 870 2285 colloquio
888 2204 1076 2267 clam‘cum
1095 2202 1249 2266 hostibus

162 2322 266 2385 agere.
312 2301 395 2385 [ln]
412 2302 548 2367 Interim
563 2301 768 2379 Alexander,
783 2305 987 2385 compositis
993 2305 1064 2388 jam
1077 2322 1153 2367 curo
1167 2302 1249 2367 llei-

163 2406 273 2488 pbobo
298 2403 442 2482 insidiis,
463 2403 607 2487 pugione
630 2405 825 2469 accinctus·
854 2404 898 2469 ud
919 2404 1083 2470 Achillem
1108 2402 1250 2484 ingredi·

161 2516 223 2584 tnr,
245 2506 457 2572 confirmator
472 2505 575 2570 veluti
597 2522 710 2568 eorum
729 2523 805 2586 qum
832 2504 986 2569 Priamus
1010 2505 1248 2587 pollicebatur:

160 2625 304 2692 moxque
318 2608 361 2671 ad
378 2625 480 2683 maur,
494 2623 562 2688 quo
576 2623 618 2668 ne
633 2603 740 2668 bostis
755 2603 870 2667 dolurn
883 2607 1144 2687 persentisceret,
1156 2625 1250 2669 aver·

162 2727 285 2792 susqm
302 2705 448 2784 educe,d
463 2706 607 2772 assistit.
651 2705 739 2770 Dein
755 2705 814 2768 ubi
825 2710 958 2788 tempus
972 2705 1078 2770 visum
1093 2713 1155 2782 est,
1168 2705 1249 2768 Dei-

161 2809 293 2892 phobus
306 2809 483 2892 amplexus
498 2807 652 2870 inermem
663 2803 830 2887 juvenem,
841 2805 968 2888 quippe
980 2806 1015 2868 in
1029 2823 1127 2868 sacro
1143 2802 1248 2886 Apol-

160 2910 237 2976 linis
253 2911 333 2976 nibil
347 2909 469 2974 hostile
485 2914 697 2984 metuentem,
708 2907 910 2984 exosculari,
922 2905 1140 2992 gratularique
1151 2925 1250 2990 super

615 3116 793 3139 ΙΝΙΜΙΜΙ

162 3271 174 3314 l
192 3267 288 3330 Delpb.
299 3265 325 3316 is
335 3267 384 3316 lece
394 3281 422 3316 es
432 3279 485 3330 qua
495 3265 564 3314 illuto
579 3268 647 3313 must
664 3277 717 3313 ears
734 3263 857 3314 Idea-2
874 3262 971 3326 Delplu.
988 3261 1135 3320 dada-⁸,
1153 3260 1247 3324 Delpb.

647 3458 756 3518 NOTAE

190 3599 201 3624 ¹
216 3593 321 3642 AEtuters
328 3589 379 3652 <iss
388 3591 510 3639 aduren
522 3585 682 3651 immutarunt]
754 3595 767 3621 ⁸
778 3585 878 3649 lum]
888 3583 1048 3642 Praconenr,
1058 3579 1091 3629 de
1100 3595 1152 3646 qno
1160 3595 1247 3645 snpra.
1359 3585 1364 3597 ·

159 3667 226 3720 Quia
238 3667 339 3716 seilicet
350 3664 418 3729 apud
426 3663 561 3727 Virgilium
573 3666 682 3727 legerat,
754 3661 767 3697 l
780 3663 866 3711 Οήιιιπ
876 3656 1010 3720 eumin]
1025 3656 1210 3715 ‘Clementem’
1219 3657 1246 3705 id

160 3742 266 3793 ‘Infelix
274 3755 347 3807 puer,
354 3749 431 3804 atque
439 3739 522 3804 impar
531 3753 682 3802 congressus
722 3742 770 3795 est,
782 3738 862 3796 lente,
874 3734 982 3785 modice.
1016 3731 1048 3780 lu
1061 3745 1147 3780 rernm
1160 3740 1245 3778 traxe·

158 3817 271 3867 Achilli:
295 3815 346 3867 Sed
357 3830 414 3865 enm
426 3813 553 3878 fugiebat,
566 3815 631 3862 viros
643 3825 681 3861 ro·
721 3818 781 3862 rant
799 3823 927 3859 tremorem
945 3808 1017 3855 illum
1029 3805 1189 3868 proditionis,
1202 3807 1246 3867 qul

159 3893 319 3944 beatissimos
337 3907 353 3941 a
369 3889 455 3955 po'e‘tlu
468 3889 608 3953 sepissime
620 3903 681 3952 pue·
721 3900 768 3952 per
778 3884 919 3933 exereitum
931 3879 1025 3928 leviter
1034 3877 1190 3926 insonuerat.
1210 3878 1245 3925 A.

157 3982 198 4017 ros
212 3967 274 4029 diui,
291 3971 319 4016 et
338 3979 399 4015 saue
409 3963 526 4015 'l'roilurn
537 3963 682 4014 robostissi-
721 3961 822 4012 cblllern
834 3964 920 4006 autern
931 3951 1085 4016 proditionis
1095 3961 1245 4014 suspectum

157 4055 223 4091 ruam
241 4049 269 4092 et
285 4039 450 4091 fortissimum
466 4035 616 4088 describunt
627 4037 682 4086 lla·
720 4033 1091 4092 habemnpropterumoreu
1100 4026 1246 4092 Polyxena.

157 4133 250 4180 ruerus,
266 4117 373 4166 Tsetzes
396 4115 423 4164 iu
449 4111 582 4178 Lycopbr.
599 4113 681 4163 Dares
752 4103 878 4167 eduens]
894 4101 997 4153 Aubllll.

155 4191 292 4258 Pbrygiae,
302 4197 331 4240 et
341 4189 395 4240 alli.
753 4181 804 4232 ‘A
818 4178 897 4243 nee]
913 4177 1021 4228 Achille.
