2959 4875
446 308 494 355 nr
518 308 636 359 nonno
659 308 833 359 cronno
857 309 929 371 nm.
954 312 987 355 ν.
1189 295 1256 361 eto

166 470 264 535 quern
280 454 361 533 pust
370 446 554 515 Almondri
568 449 735 514 interitum
748 449 887 515 Helenor
899 450 1144 516 matrimonium
1157 449 1254 514 inter·

166 551 425 634 cepisse,snpra
439 547 624 625 docuimus,
634 549 780 615 exsectis
794 548 901 631 primo
911 549 1084 626 rensibus,m
1097 550 1255 615 brachiis·
1295 541 1299 546 ’

166 670 234 735 qne
247 648 512 727 ablatis,deiude
526 649 676 727 naribus,
689 648 732 713 ad
747 656 946 732 postremum
962 655 1150 732 truncatum
1164 651 1254 717 omni

166 771 213 817 ex
226 762 332 836 perte,
354 750 579 832 roedaumque
595 768 724 817 summo
737 736 899 827 credatu,
914 757 1024 815 necat.
1058 749 1145 813 Dein
1158 748 1253 815 Pria-

166 870 255 917 mum
271 848 530 933 Neoptolemus,
545 849 618 913 sine
636 848 705 913 ullo
719 848 834 913 ostatis
849 855 950 932 atque
962 849 1100 913 honoris
1116 849 1253 926 dilectu,

167 952 356 1017 mtinentem
369 957 511 1033 utraque
524 946 650 1035 manu⁸
673 956 793 1013 arem*
809 949 951 1032 jugulat.
996 950 1151 1015 Ceterum
1168 948 1254 1015 Gas-

167 1050 322 1115 sandram
336 1047 428 1131 Ajax
444 1048 554 1123 (ὶίΙοίο
575 1068 595 1112 e
611 1066 709 1113 sacro
725 1048 887 1113 Minervas
899 1050 1069 1133 captivam
1084 1050 1253 1115 mouenti.

167 1148 248 1231 [la]
269 1147 349 1215 Huc
364 1147 464 1213 modo
479 1147 662 1211 consumtis
677 1166 754 1213 cnm
766 1148 904 1215 civitate
917 1150 1079 1226 barbaris,
1093 1149 1252 1217 delibera·

167 1249 215 1315 tic
229 1248 309 1315 inita
322 1268 421 1331 snper
431 1247 484 1311 his
494 1246 550 1329 qni
565 1249 608 1311 ab
620 1247 770 1312 Deorum
785 1248 852 1315 aris
867 1249 1029 1316 auxilium
1040 1250 1119 1317 vito
1132 1248 1253 1332 implo-

166 1356 341 1417 raverant:
361 1346 595 1429 decretumque
609 1347 653 1412 ab
667 1349 835 1427 omnibns,
848 1350 900 1414 nti
913 1351 1052 1433 pervim
1067 1350 1177 1415 omisi
1191 1367 1249 1415 ne·

168 1453 343 1513 curentur:
380 1452 493 1513 tantus
516 1446 613 1511 dolor
634 1446 780 1529 injurios,
799 1454 835 1511 et
859 1449 905 1515 cb
925 1449 960 1513 id
981 1451 1126 1517 studium
1148 1450 1253 1515 extin·

166 1548 287 1629 gnendi
307 1546 445 1630 Trojani
467 1547 611 1613 neminis
635 1546 831 1612 incesserat.
874 1548 932 1614 Ita
946 1550 1179 1632 comprehensi
1193 1552 1251 1632 qui

166 1649 348 1715 cruciatum
372 1645 543 1730 prodero
570 1646 680 1711 noctis
703 1646 971 1729 subterfugerant,
993 1648 1195 1732 trepidantes
1209 1668 1251 1713 ac

166 1747 240 1813 vice
255 1766 410 1830 pecorum
425 1744 671 1813 interficiuntur.
716 1746 815 1825 Dein,
828 1766 920 1815 more
939 1747 1029 1828 belli,
1050 1768 1110 1832 per
1128 1749 1252 1832 templa

165 1866 205 1911 ac
221 1848 397 1912 semiustas
413 1845 530 1911 domos
552 1845 725 1929 populatio
740 1866 849 1911 rernm
863 1850 1022 1925 amnium,
1044 1856 1078 1913 et
1098 1868 1157 1933 per
1178 1846 1251 1911 dies

165 1946 336 2029 plunimos,
357 1966 397 2010 ue
422 1948 500 2028 quis
521 1946 667 2012 hostium
691 1946 862 2026 evaderet,
884 1950 1027 2014 studium
1049 1948 1251 2033 inquirendi.

166 2044 301 2111 Interim
325 2046 367 2110 ad
390 2044 671 2110 coacervandum?
693 2048 766 2111 ouri
790 2053 891 2131 atque
913 2051 1036 2133 argenti
1057 2049 1249 2115 materiem⁹

614 2239 797 2263 Omlm

165 2369 260 2433 Delplr.
271 2369 481 2432 propositionem
493 2372 534 2430 ud,
549 2384 625 2433 qoam
641 2370 767 2438 Vindice.
787 2373 863 2450 plane
881 2372 1016 2423 delendam
1036 2378 1121 2436 potat.
1154 2371 1249 2423 ‘Assos

165 2434 231 2484 enim
243 2434 383 2499 supplices,
394 2434 448 2483 sire
461 2432 688 2498 pusterulensium,
699 2435 770 2501 qnasi
789 2451 815 2485 ru
832 2436 904 2500 asylo
920 2434 1009 2496 lutosi,
1021 2435 1251 2500 amplectebantur,

164 2505 195 2548 nt
212 2505 321 2562 apparet
338 2511 370 2548 ea
390 2512 449 2562 cap.
469 2497 580 2562 κη’-9
596 2497 691 2564 Delpls.
711 2500 890 2552 amm-t
907 2500 977 2549 Ante
995 2506 1126 2564 oppertaau
1144 2501 1250 2552 exhibet
1357 2502 1360 2508 '

653 2674 679 2723 N
682 2672 761 2724 01¹AE

164 2768 293 2832 Deiphobi
311 2773 340 2818 et
358 2768 465 2820 Helena
484 2769 586 2820 domurn
600 2783 687 2820 amen·
726 2773 777 2836 qna
793 2783 892 2821 comam
910 2771 986 2830 lara,
1003 2769 1146 2832 dextraque
1164 2783 1251 2819 curna-

164 2843 248 2903 diras:
274 2842 354 2906 ntro
373 2843 493 2903 Ὀδυσσῆι
509 2844 578 2908 apori
594 2845 688 2907 tepere
725 2859 784 2896 coru
805 2845 905 2896 Extulit
925 2844 1046 2894 aelsteri
1066 2844 1250 2907 capulotenus

163 2917 293 2978 Δηιφόβοιο
303 2916 413 2980 ἥμεναι,
420 2915 614 2982 W'Apnaeda
624 2919 687 2970 ἅνη·
725 2920 825 2971 abdidit
835 2920 943 2970 ensem!

158 2991 206 3041 st·
216 2991 339 3054 fluendo.
369 2991 437 3042 ‘Sed
456 2995 573 3057 Ulyssem
592 2995 625 3044 ad
645 2996 687 3046 do·
756 3003 769 3028 ⁰
785 2996 944 3045 omres·
954 2992 1021 3058 Aias
1031 2992 1105 3054 Oilei,
1114 2993 1168 3056 lfa]
1179 2993 1249 3053 terr.

163 3081 231 3116 mum
242 3065 374 3130 Deiphobi
387 3066 554 3130 Accendisse,
564 3075 685 3134 tauquam
725 3086 758 3122 rr.
769 3071 828 3122 Eu.
844 3072 933 3122 ‘Duco
943 3068 1093 3119 trahebatur
1100 3069 1184 3132 passis
1192 3067 1249 3115 Pri·

163 3141 285 3205 maen,
297 3155 355 3192 cum
367 3142 462 3191 eximio
472 3143 614 3194 Menelao!
726 3148 810 3198 smair
819 3148 892 3210 uirgo
903 3145 1026 3197 Crinibus
1042 3159 1058 3192 a
1076 3142 1173 3204 templo
1187 3141 1250 3189 ess·

194 3221 212 3250 ¹
229 3215 340 3266 Essem
351 3214 426 3278 prem
437 3215 544 3279 modes]
559 3218 631 3279 virg.
642 3218 688 3268 lib.
724 3221 829 3282 sundra,
845 3220 981 3283 adytisque
998 3219 1134 3277 Minerva,
1147 3215 1187 3263 Ad
1199 3229 1250 3263 cm·

162 3303 200 3340 n.
221 3291 230 3322 ⁴
240 3292 328 3355 Atque
339 3291 381 3341 hic
392 3292 550 3354 Priamiden,
566 3293 687 3344 laniatura
724 3296 778 3344 lum
788 3293 897 3344 tendens
908 3292 1027 3341 ardentia
1037 3291 1133 3340 lumina
1143 3288 1249 3352 trustra,

163 3377 271 3430 corpore
282 3373 347 3426 acto,
358 3365 520 3428 Deiphobum
531 3367 607 3428 sidit,
621 3369 688 3416 leue·
726 3369 842 3427 Lumina,
851 3380 910 3416 usur
922 3373 1024 3416 teneras
1031 3363 1249 3414 ucebantrioeu·

163 3453 219 3488 sum
240 3438 379 3488 crudeliter
397 3453 451 3502 osu,
473 3439 529 3490 Ora
546 3455 687 3506 manusque
724 3444 750 3492 la
761 3439 876 3504 patmos?

164 3513 260 3576 mbas,
279 3515 451 3580 populataque
470 3523 587 3580 tempora
607 3517 688 3579 raptis
747 3512 1248 3577 alatertoatomrrradrntlooppor·

163 3588 685 3646 Arnemettrnocastnnonsnovotrere
725 3594 795 3643 tonia
815 3593 879 3642 locta
897 3591 1015 3656 dispositi
1031 3587 1106 3643 t'uere
1128 3591 1249 3643 custodes

164 3665 257 3715 nana?
283 3665 357 3716 ttclna
369 3667 454 3714 Dares
465 3665 561 3728 sonuit,
575 3668 685 3730 nupto·
725 3668 849 3732 qulaimal
859 3666 963 3718 divitias
972 3667 1167 3726 unaseotdro.
1176 3665 1248 3724 virg.

163 3737 223 3788 bom
235 3753 250 3792 a
262 3739 401 3789 Mamuda
411 3741 437 3788 io
450 3753 535 3802 pugna
545 3742 665 3791 occisam.
726 3742 777 3791 ‘Et
792 3743 846 3804 jam
866 3742 1005 3804 porticibus
1023 3739 1120 3801 saeuis,
1138 3737 1247 3787 Jnnouis

194 3821 208 3850 ¹¹
224 3813 300 3864 Areas
312 3814 422 3876 jugulat]
438 3813 514 3862 Prius
530 3816 617 3864 occiso
633 3814 684 3864 Po·
725 3815 939 3878 asylacoetodea
949 3813 1129 3862 leetiPlsorolx
1139 3819 1167 3860 et
1178 3810 1249 3859 diras

164 3885 219 3948 lite,
240 3887 266 3937 ln
291 3888 371 3951 lpalua
398 3887 513 3951 parantis
535 3895 684 3952 conspectu.
724 3889 831 3950 Ulysses
851 3887 970 3937 Pradaru
990 3885 1170 3944 aaaenabaot:
1197 3885 1248 3934 huo

164 3959 340 4026 virenon.
357 3961 545 4024 ‘lloeodioens‚
554 3962 644 4012 altaria
653 3963 685 4012 sd
724 3961 838 4027 undique
851 3961 929 4009 Trois
944 3973 1006 4023 geza
1023 3958 1139 4008 lncenala
1157 3966 1249 4022 erepta

166 4035 221 4098 ipsa
236 4045 389 4090 trementem
405 4038 506 4098 Traxit,
518 4042 545 4086 et
561 4037 587 4086 in
606 4037 687 4088 multo
725 4036 818 4102 adytis,
829 4048 976 4097 menseque
988 4035 1103 4084 Deorum
1113 4035 1247 4084 crateres-

166 4113 305 4178 lapsantem
324 4115 446 4179 sangnine
467 4114 529 4175 nati,
546 4113 687 4178 lmplicuit·
726 4129 777 4180 que
798 4126 861 4164 auro
886 4110 972 4174 solidi,
990 4111 1143 4176 captivoque
1166 4111 1247 4163 sestis
