2959 4875
228 342 292 409 aad
600 358 762 410 nnanms
786 358 943 410 euasura

227 498 349 567 iratres
364 500 557 581 ulciscatur,
571 502 711 569 insidias
723 504 849 570 Achilli
862 504 977 581 faciat,
1002 509 1036 567 et
1056 520 1133 567 enm
1155 520 1217 568 uec
1241 502 1313 586 opi·

229 609 362 667 nantem
378 602 529 668 occidat:
552 606 710 687 quoniam
733 605 776 670 ad
800 624 838 669 se
858 602 999 680 miserit,
1024 610 1059 666 et
1084 603 1251 685 rogaverit
1275 609 1314 668 ul

231 704 296 768 sibi
311 702 483 786 Polyxena
498 707 531 769 in
544 706 755 770 matrimonio
771 706 915 783 daretur,
936 724 974 769 sa
989 703 1121 768 adeum
1136 704 1312 768 missuram

229 802 356 869 Priami
370 804 494 883 verbis,
509 817 547 869 ut
562 826 677 890 pacem
692 807 871 891 t'oedusqua
885 807 970 871 inter
984 823 1021 869 sa
1034 804 1176 884 firmant,
1190 806 1313 870 consti·

230 911 389 989 tuantque
410 905 444 968 in
469 906 547 971 iano
569 907 736 991 Apollinis
760 908 967 991 Thymbraei,
988 915 1067 971 anta
1091 914 1248 991 portum:
1270 925 1312 969 eo

229 1005 393 1071 Achillem
414 1014 600 1086 venturum,
624 1009 881 1074 collocutumm:
903 1009 951 1073 ihi
976 1006 1117 1071 insidias
1139 1005 1311 1071 collocari:

231 1108 314 1171 satis
343 1108 423 1173 ritae
448 1127 518 1173 suas
542 1128 614 1173 essa
641 1110 671 1173 si
696 1128 773 1174 aum
798 1109 976 1174 occiderit:
997 1108 1088 1192 quod
1118 1109 1311 1173 temerarius

230 1207 420 1275 Alexander
432 1217 512 1287 erat,
528 1211 596 1275 cito
610 1230 647 1275 se
661 1210 812 1293 promisit
824 1209 1001 1275 facturum.
1046 1207 1080 1271 N
1082 1217 1163 1273 cetu
1183 1208 1311 1273 ducun-

229 1317 282 1373 tur
296 1310 336 1375 de
351 1312 499 1376 exercitu
514 1311 695 1390 fortissimi,
709 1321 743 1375 et
757 1313 791 1375 in
807 1312 885 1376 iano
899 1308 1069 1394 Apollinis
1083 1311 1309 1374 collocantur:

229 1412 359 1494 signum
382 1413 561 1497 accipiunt.
606 1412 749 1478 Hecuba
770 1413 812 1477 ad
834 1410 1013 1487 Achillem,
1038 1409 1163 1475 Priami
1189 1411 1310 1486 verbis,

229 1514 331 1577 sicuti
346 1514 552 1586 condixerat,
565 1516 712 1579 nuntium
733 1514 845 1577 mittit.
888 1512 1042 1577 Achilles
1054 1512 1166 1588 loetus,
1183 1512 1310 1595 Polyx-

229 1633 325 1679 enam
345 1634 470 1693 amans,
484 1621 618 1698 postera
632 1614 687 1678 die
702 1614 746 1677 ad
759 1614 873 1678 fanum
887 1634 925 1678 se
938 1619 1110 1679 venturum
1128 1614 1310 1678 constituit.

230 1714 274 1777 Et
287 1716 474 1799 insequenti
489 1716 544 1781 die
559 1735 636 1779 cum
651 1713 832 1779 Antilocho
847 1714 916 1778 filio
938 1712 1095 1778 Nestoris
1116 1712 1159 1776 ad
1183 1713 1308 1777 consti-

230 1822 335 1879 tutum
350 1817 449 1890 venit,
463 1816 632 1898 simulque
645 1819 682 1878 ut
694 1815 841 1879 introivit
852 1814 887 1878 in
900 1814 1026 1890 fanum,
1047 1832 1092 1877 ex
1114 1813 1244 1877 insidiis
1253 1834 1311 1879 oc·

229 1923 368 1983 currunt.
413 1915 571 2001 Undique
592 1918 660 1982 tela
674 1916 901 2001 conjiciuntsl
922 1935 982 1981 eos
1004 1914 1102 1980 Paris
1117 1915 1310 1980 Alexander

229 2016 390 2082 hortatur.
440 2017 589 2081 Achilles
614 2038 691 2082 cum
713 2016 907 2095 Antilocho,
932 2016 1070 2081 brachio
1094 2016 1228 2083 sinistro
1253 2036 1310 2081 ce·

229 2122 354 2201 operto,
369 2118 487 2183 dextro
499 2138 607 2181 ensem
625 2124 754 2196 tenens,
768 2118 849 2182 iacit
863 2119 1035 2202 impetum·
1067 2117 1217 2183 Achillas
1229 2116 1311 2183 mul·

228 2228 282 2287 tos
306 2220 441 2287 occidit.
485 2219 676 2285 Alexander
697 2218 909 2284 Antilochum
933 2226 967 2286 at
984 2219 1174 2284 Achillem‘¹
1198 2218 1311 2283 multis

228 2322 350 2406 plagis'
366 2322 525 2389 confodit.
569 2322 624 2387 Ita
638 2320 786 2385 Achilles
798 2338 843 2384 ex
856 2320 996 2399 insidiis,
1017 2320 1234 2405 nequicquam
1247 2322 1311 2385 ios·

229 2423 305 2488 tiles
326 2422 461 2502 iaciens,
482 2424 624 2488 animam
649 2422 777 2488 emisit:
799 2443 897 2508 quem
919 2420 1113 2489 Alexander
1133 2421 1253 2488 auferri
1277 2428 1311 2488 at

228 2525 418 2590 volucribus
434 2526 551 2611 projici
562 2527 670 2610 jubat.
714 2525 757 2590 Id
770 2544 812 2591 ne
826 2526 920 2590 tieret
936 2524 1087 2590 Helenus
1100 2525 1208 2589 multe
1219 2543 1310 2590 com-

228 2645 417 2693 memorans
431 2629 593 2715 prohihet,
609 2635 642 2694 at
657 2646 716 2692 eos
731 2628 774 2693 de
787 2628 864 2693 fano
879 2627 955 2711 ejici
965 2626 1074 2711 jubat,
1086 2635 1120 2691 et
1130 2624 1202 2691 suis
1213 2626 1309 2692 trudi.

229 2727 391 2795 Achillem
406 2737 440 2794 et
455 2729 673 2795 Antilochum
700 2728 735 2793 in
757 2736 868 2795 castra
881 2728 1032 2793 afferunt.
1079 2725 1309 2810 Agamemnon

229 2828 395 2895 Achillem
411 2829 587 2912 magnifico
599 2829 713 2894 funere
728 2829 843 2894 affert:
854 2837 888 2893 et
903 2833 937 2892 ut
947 2828 1139 2912 sepulcrum
1150 2829 1183 2892 ei
1194 2829 1308 2905 iaciat,

228 2948 249 2994 a
277 2929 408 2995 Priamo
438 2931 589 2995 inducias
624 2931 719 3014 petit,
754 2930 869 3014 ibique
905 2929 1005 2994 ludos
1034 2930 1186 2994 funebres
1214 2929 1310 2995 iacit.

227 3029 310 3115 [35.]
348 3031 479 3096 Deinde
507 3031 687 3095 concilium
717 3035 901 3095 convocat:
937 3028 1083 3113 Argivos
1109 3030 1308 3116 alloquitur3

226 3131 337 3215 placet
352 3133 505 3196 omuibus
518 3137 556 3196 ut
571 3131 649 3215 quid
671 3131 827 3198 faciendo
842 3150 931 3215 opus
954 3131 998 3196 sit
1012 3132 1071 3196 Dii
1085 3132 1310 3198 consulantur.

228 3229 365 3298 Mittunt
380 3235 531 3299 continuo
546 3235 604 3317 qui
617 3235 791 3300 consulere
804 3233 966 3300 debeant:
980 3235 1040 3317 qui
1051 3252 1242 3317 responsum
1253 3252 1309 3298 ac·

227 3331 378 3414 cipiunt,¹
399 3334 614 3417 perAchillis
628 3336 817 3420 progeniem
840 3333 937 3399 finem
962 3335 1083 3417 negotii
1097 3335 1178 3398 lieri.
1221 3332 1307 3398 Cam

227 3431 300 3498 haec
314 3437 421 3499 nautii
443 3437 645 3514 retrslissent,
660 3436 753 3522 Ajax
768 3437 836 3503 ait:
859 3456 935 3502 cum
949 3435 1073 3500 Achilli
1088 3435 1177 3500 lilius
1192 3434 1307 3520 Neop-

227 3531 367 3598 tolemus
388 3537 541 3620 supersit,
571 3557 647 3603 eum
671 3545 825 3624 oportere
849 3537 1005 3604 accersiri
1030 3537 1075 3601 ad
1109 3539 1307 3615 exercitum,

715 3719 824 3771 NO'l'AE

258 3817 271 3852 Ρ
285 3811 394 3875 Undique
403 3811 449 3861 tels
458 3810 596 3875 maliosst]
605 3812 692 3864 Aliter
699 3815 749 3866 hoc
788 3814 884 3865 minuto
895 3815 950 3866 ictu
962 3813 1087 3865 Achillem
1097 3811 1248 3864 confossum.

226 3894 314 3938 usrrst
325 3887 428 3951 Dictys,
439 3902 514 3952 quem
523 3889 582 3940 ride
592 3903 630 3941 rr.
643 3893 683 3940 ll.
818 3897 830 3924 ¹
846 3886 1175 3954 Qsinspssssneesipisst]
1186 3886 1307 3938 Alliscri·

256 3970 268 4005 t
284 3963 433 4013 Astlleclussss
442 3970 467 4014 el
475 3965 601 4031 Achilleas]
612 3967 663 4016 Sed
671 3967 748 4018 Autl·
786 3965 860 4024 haut,
870 3967 998 4018 Helenum
1012 3965 1123 4014 edixisse
1133 3963 1232 4014 osnes·
1243 3962 1308 4028 iore,

225 4039 325 4088 lechum
336 4055 352 4087 s
361 4041 499 4091 Memnone
509 4043 621 4093 occisum
632 4051 746 4108 usrmnt,
785 4050 814 4093 st
830 4058 879 4109 per
893 4043 1093 4108 Neoptolemum
1108 4041 1187 4105 Trcjs
1201 4051 1307 4103 eapere-

227 4109 334 4161 Homer.
351 4115 453 4178 Dictys,
463 4117 542 4167 etslil
553 4131 649 4168 omum.
784 4126 835 4172 tur.
869 4119 989 4184 Sophocl.
1000 4117 1175 4168 iuPlsllcctet.
1191 4116 1307 4176 rane,

258 4185 465 4254 vascam]
485 4191 578 4256 nem
592 4193 683 4246 seem
697 4207 744 4260 ge·
782 4195 809 4245 a
821 4194 945 4259 nyceph-
