2959 4875
216 355 283 422 324
586 365 752 417 nanarrs
775 366 935 415 aaaron

218 514 377 579 ditionem
393 509 584 578 Palamedis
597 517 720 578 narrat
763 505 821 576 Illi
835 505 975 576 moleste
988 511 1102 576 ierunt.
1132 509 1307 592 Agamem·

216 635 287 680 non
308 614 391 678 dicit
413 631 450 676 se
476 614 616 677 moleste
636 631 706 676 non
726 611 823 690 serre,
850 631 913 676 sna
928 612 1102 677 voluntate
1123 610 1159 674 id
1180 609 1307 674 lactum

217 735 302 780 esse.
346 715 475 779 luteres
488 713 689 778 Palamedes
702 731 805 777 naves
819 713 1069 796 comparandas
1079 717 1185 788 curat,
1196 715 1308 774 castra

217 815 332 893 munit,
341 815 483 880 turribus
498 815 693 879 circumdat.
715 813 851 898 Trojani
867 814 1049 878 exercitum
1062 818 1226 887 exercent,
1237 829 1308 872 mu·

217 916 481 996 rum-diligenter
499 915 695 993 resarciunt,
717 914 840 992 fossas,
862 922 898 978 et
912 915 1040 979 vallum
1056 911 1229 996 diligenter
1251 910 1309 975 ad-

219 1016 312 1093 dunt,
325 1021 502 1100 ceteraque
517 1021 728 1100 componunt.
772 1015 854 1101 [ᾖ]
876 1015 1059 1099 Postquam
1074 1015 1148 1079 dies
1162 1013 1239 1077 anni
1250 1031 1308 1075 ve·

218 1117 269 1182 nit
281 1135 350 1200 quo
366 1117 495 1182 Hector
508 1117 660 1200 sepultus
672 1121 735 1194 eat,
756 1117 910 1181 Priamus
926 1123 960 1180 et
975 1116 1118 1181 Hecuba
1132 1123 1165 1180 et
1182 1115 1309 1198 Polyx-

219 1237 293 1294 ena,
308 1220 475 1302 ceterique
496 1218 648 1301 'l'rojanl
669 1217 714 1281 ad
736 1218 925 1301 sepulcrum
949 1217 1022 1300 ejus
1046 1215 1183 1300 proiecti
1205 1222 1309 1279 sunt·

220 1317 356 1395 Quibus
372 1321 494 1383 obvius
507 1319 545 1382 fit
558 1318 719 1394 Achilles,
734 1318 941 1401 Polyxenam
964 1319 1217 1403 contemplatur,
1239 1315 1310 1399 figit

220 1419 377 1497 animum,
398 1437 510 1484 amare
525 1439 599 1483 eam
612 1420 818 1485 vehementer
840 1420 958 1502 coepit.
1000 1418 1096 1483 Tunc
1111 1417 1228 1482 ardore
1249 1419 1312 1481 im-

219 1520 353 1601 pulsus,
367 1521 520 1584 odiosam
534 1521 635 1584 vitam
650 1521 684 1584 in
705 1539 819 1585 amore
834 1539 1031 1584 consumere
1044 1521 1162 1604 coepit,
1174 1527 1209 1584 et
1222 1535 1309 1601 egra

219 1620 345 1685 serebat
360 1622 526 1686 ademtam
542 1623 717 1705 imperium
731 1621 985 1704 Agamemnoni,
1006 1621 1140 1705 sibique
1155 1621 1310 1684 Palame-

222 1722 297 1785 dem
313 1722 542 1804 preepositnm.
580 1724 701 1788 Amore
716 1727 869 1804 cogente,
881 1721 1030 1806 Phrygio
1042 1741 1140 1787 servo
1155 1722 1309 1787 fidelissi-

221 1841 278 1885 mo
291 1823 449 1886 mandata
462 1823 522 1886 dat
534 1822 671 1886 ferenda
685 1823 729 1887 ad
748 1823 944 1888 Hecubam:
966 1830 1000 1887 et
1021 1825 1065 1886 ab
1087 1843 1128 1887 ea
1148 1823 1214 1887 sibi
1226 1843 1311 1888 uxo-

222 1941 293 1985 rem
307 1923 437 2004 poscite
457 1924 522 1988 boc
537 1924 567 1986 si
580 1924 709 2002 fecerit,
726 1945 764 1988 se
778 1943 854 1988 cnm
871 1925 942 1986 suis
963 1923 1229 2007 Myrmidonibus
1250 1923 1311 1988 do·

222 2042 311 2087 mum
328 2022 518 2088 rediturum.
562 2021 662 2100 Quod
677 2044 753 2089 cum
771 2027 845 2108 ipse
860 2024 992 2103 'secent
1013 2033 1139 2089 ceteros
1154 2031 1312 2107 quoquc⁴

222 2122 311 2186 idem
336 2123 494 2188 facturos.
538 2123 662 2186 Servus
685 2123 923 2205 proficiscitur,
949 2124 993 2188 ad
1019 2123 1197 2188 Hecubam
1211 2123 1312 2200 venit,

222 2223 382 2287 mandata
397 2224 496 2288 dicit:
520 2223 667 2287 Hecuba
681 2222 853 2309 respondit
869 2243 905 2287 se
919 2223 1018 2300 velle,
1042 2224 1099 2286 sed
1122 2223 1152 2286 si
1174 2223 1310 2288 Priamo

222 2325 297 2388 viro
313 2343 375 2388 suo
396 2325 549 2406 placeat:
572 2324 652 2388 dnm
674 2325 750 2406 ipsa
771 2341 847 2388 cnm
869 2323 1003 2390 Priamo
1018 2331 1105 2407 agat,
1125 2343 1242 2389 servus
1261 2343 1312 2388 re·

223 2425 308 2488 verti
318 2425 474 2508 jubetur:
499 2445 614 2489 servus
628 2425 721 2509 quod
747 2425 872 2508 egisset
892 2425 1016 2491 Achilli
1037 2425 1180 2491 nuntiat.
1223 2422 1314 2508 Aga-

223 2544 375 2589 memnon
390 2546 466 2591 cnm
481 2545 600 2607 magno
616 2535 803 2591 commeatu
822 2529 865 2592 ad
889 2537 1000 2595 castra
1013 2530 1194 2591 revertitur.
1239 2526 1312 2590 He·

227 2624 315 2687 cuba
330 2642 406 2687 cum
420 2623 557 2688 Priamo
573 2626 614 2689 de
630 2625 823 2691 conditione
837 2625 978 2692 Achillis
989 2634 1003 2661 ⁹
1016 2628 1173 2710 loquitur.
1216 2627 1313 2693 Pria-

224 2740 297 2785 mus
310 2721 495 2804 respondit‚
509 2724 580 2787 lieri
595 2743 661 2788 non
678 2745 798 2806 posse:
820 2745 887 2790 non
908 2726 983 2791 ideo
1000 2727 1090 2810 quod
1110 2747 1184 2791 enm
1204 2726 1310 2792 affini-

224 2828 293 2884 tate
306 2821 472 2903 indignum
488 2823 678 2904 existimet3
702 2826 763 2889 sed
778 2828 808 2890 si
822 2828 854 2890 ei
867 2826 1006 2903 dederit,
1029 2836 1064 2892 et
1085 2827 1164 2892 ille⁵
1187 2828 1312 2892 disces·

224 2920 312 2995 serit,
327 2925 458 2985 ceteros
473 2940 540 2985 non
556 2922 786 2989 discessuros=
802 2931 835 2989 et
846 2925 995 3010 iniquam
1007 2948 1093 3006 esse,
1105 2928 1205 2993 filiam
1216 2946 1312 2992 suam

224 3020 313 3083 bosti
322 3019 474 3103 jungere.
518 3021 731 3107 Quapropter
746 3026 776 3089 si
791 3026 825 3090 id
840 3026 913 3091 fieri
928 3028 1039 3106 vellet,
1060 3048 1132 3113 pax
1147 3034 1313 3113 perpetua

224 3118 294 3195 fiat,
307 3127 342 3182 et
355 3124 523 3187 exercitus
538 3122 705 3202 discedat,
719 3124 855 3191 soederis
874 3128 953 3210 jrrra
975 3130 1179 3195 sanciantur.
1222 3130 1261 3194 Si
1275 3128 1312 3194 id

227 3220 355 3283 factum
370 3223 425 3301 sit,
439 3241 475 3286 aa
489 3223 522 3287 ei
535 3222 673 3287 libenter
693 3222 797 3289 filiam
814 3225 978 3293 daturum.
1022 3229 1143 3315 Itaque
1158 3250 1233 3295 cum
1245 3249 1312 3295 ser·

225 3339 287 3383 vus
302 3321 347 3386 ad
362 3322 539 3388 Hecubam
559 3324 682 3389 missus
703 3331 794 3391 esset
813 3328 857 3391 ab
876 3325 1016 3409 Achille,
1039 3330 1155 3397 eadem
1166 3330 1312 3397 Hecuba

674 3520 854 3543 eumenen

255 3648 271 3693 e
289 3644 428 3708 comm
441 3645 581 3709 nemu-r
598 3650 893 3717 omtrrurauanupn.

711 3844 822 3896 NOTAE

214 3951 218 3962 “
255 3962 267 3985 “
283 3952 323 4003 Aa
343 3956 473 4016 sepulerum
491 3953 542 4015 (irre
559 3957 747 4020 presertim]
819 3960 885 4011 'De
900 3962 1031 4011 mditloae
1043 3961 1155 4025 Aelillr'e]
1183 3962 1234 4012 Hic
1250 3978 1310 4027 pro·

223 4026 295 4077 Note
314 4040 428 4077 moremr
445 4042 512 4078 enno
528 4030 653 4082 redeunte
664 4038 692 4083 et
702 4046 746 4082 eo·
787 4032 843 4098 prie
853 4035 975 4099 loquitar,
986 4036 1013 4085 id
1022 4041 1072 4097 est,
1079 4036 1112 4085 de
1121 4036 1268 4087 conditione
1277 4042 1310 4090 eb

223 4096 379 4149 demdierd
392 4102 485 4152 morlai
495 4105 641 4166 repuleram
652 4118 745 4157 conve·
784 4105 992 4160 Achilleobleta.
1025 4111 1145 4160 Condicio
1155 4116 1240 4161 satem
1250 4129 1310 4176 pro·

223 4172 304 4222 uiant.
784 4184 841 4247 prie
852 4191 891 4235 eet
902 4185 1019 4250 quedem
1029 4187 1177 4250 nuptiarum
1189 4190 1285 4252 pactio.
