2959 4875
431 379 480 428 on
505 378 625 428 annno
648 378 819 430 rnossuo
842 381 918 430 crs.
940 382 983 430 ιι.
1182 367 1247 432 407

160 518 407 603 Myrmidonum
422 539 591 604 proceres.
633 520 768 588 casum
782 521 894 604 lugere
906 527 1088 607 parentem,

158 619 367 685 Exhaustum
380 621 508 686 vidisse
525 621 672 700 domum,
686 622 867 706 lapsosque
883 634 1039 706 penates,

158 721 210 786 Sit
224 723 325 788 satis:
349 723 533 789 Hesionam
547 723 704 808 lacrymis
720 720 839 788 solatia
854 725 957 788 tantis

159 819 315 888 Reddite.
360 825 470 889 Parva
485 825 618 908 quidem
632 843 753 907 posco,
767 824 826 889 sed
841 825 983 890 muueris
997 827 1105 891 instar

158 912 312 1006 Majoris,
329 926 405 990 vitae
421 927 560 1012 pariter„
569 927 758 1009 pariterque
773 925 875 990 saluti

159 1024 356 1091 Exanimem
373 1027 508 1124 dabitip.
552 1027 610 1092 Sic
627 1033 807 1109 postquam
821 1030 959 1109 questus
972 1038 1006 1093 et
1018 1027 1099 1113 ipsi,

158 1125 205 1190 Et
218 1127 272 1191 cui
288 1127 406 1193 charta
419 1127 526 1205 datur,
539 1127 673 1210 tepidus
688 1126 762 1192 fluit
774 1128 895 1194 humor
907 1129 941 1192 in
957 1148 1024 1195 ora.

202 1229 361 1309 Antenor,
380 1229 543 1314 Zephyris
558 1227 716 1293 blandum
732 1229 976 1312 spondentibus
991 1249 1119 1313 aequor,

160 1327 285 1396 Haurit
298 1332 378 1396 iter:
400 1330 602 1414 rapiensque
618 1329 715 1394 ducis
728 1328 886 1394 mandata
902 1350 963 1412 per
975 1331 1094 1410 undae,

160 1429 326 1513 Magnesii
343 1432 435 1508 flues,
451 1433 593 1514 Sparten
607 1431 819 1514 praetervolat
832 1432 946 1510 altam,

159 1531 414 1616 Fatidicamque
430 1533 553 1616 Pylon,
566 1534 686 1616 paucis
701 1533 757 1596 ubi
771 1538 882 1597 tracta
893 1532 1012 1597 diebus

159 1631 240 1698 Otia
254 1635 440 1720 dequestus
454 1634 562 1700 cedit:
585 1653 652 1698 non
661 1633 767 1698 Pelea
781 1651 948 1716 magnum,

158 1734 370 1819 Tyndaridas
383 1737 541 1819 geminos,
556 1735 687 1820 Pyliam
702 1728 826 1800 flexura
843 1741 1012 1800 senectam

158 1835 274 1916 Verba
288 1837 402 1904 ducis:
424 1839 493 1903 laeti
507 1837 641 1902 taudem
654 1836 850 1903 Telamonis
861 1836 906 1904 ad
920 1836 1034 1900 urbem

159 1936 280 2002 Flectit
294 1938 365 2016 iter,
386 1937 613 2020 Lachesisque
628 1937 742 2020 sugam
756 1938 903 2019 vestigat
914 1937 950 2001 iu
964 1953 1087 2002 omnes.

201 2039 313 2122 Regia
325 2041 417 2104 celsa
428 2041 523 2117 nitet,
536 2040 774 2123 completaque
788 2040 913 2104 murice
927 2038 1034 2104 multo

159 2140 315 2224 Purpura
328 2140 485 2207 Sidonios
501 2140 659 2226 dispergit
674 2143 707 2206 in
722 2142 807 2207 atria
819 2141 932 2220 luxua,

159 2243 333 2307 Solensem
349 2243 500 2307 contessa
514 2244 612 2322 diem,
629 2263 697 2328 qua
707 2243 821 2328 jungit
834 2233 974 2310 herilem

158 2344 180 2410 J
184 2363 249 2408 uno
264 2349 391 2409 torum:
413 2345 493 2410 laeto
507 2347 621 2411 cuncti
637 2346 801 2413 connubia
814 2345 937 2430 plausu

159 2445 412 2524 concelebrant,
425 2448 615 2532 populoque
630 2467 691 2513 suo
704 2448 882 2513 certamina
894 2449 1002 2532 prima

158 2544 393 2630 Ventripoteus
407 2538 503 2632 ponit
517 2549 650 2631 genius:
672 2566 805 2614 coeuare
819 2547 984 2626 decorum,

158 2634 204 2713 Et
216 2668 346 2714 mensas
361 2650 487 2714 sanare
495 2652 614 2733 juvat:
637 2668 698 2714 nec
716 2650 841 2732 pocula
855 2649 976 2714 desunt

652 2877 759 2929 Nom

190 3014 223 3061 7ο
240 3004 441 3076 Μιῃιιίῌιιι]
455 3010 536 3074 Lego,
547 3017 575 3059 ut
586 3010 682 3061 Lucre·
722 3022 794 3060 ramo
803 3009 869 3061 olet
879 3008 1040 3060 velatolaua.
1056 3009 1169 3059 Lucus.
1181 3012 1246 3061 'cul-

159 3086 209 3137 tinr
221 3100 259 3135 rr.
275 3085 419 3150 ‘Magnesl
432 3083 534 3136 flnrnlnr
545 3086 623 3137 saxil-
722 3092 802 3151 tuque
820 3086 922 3150 insigne
938 3086 1054 3135 verendo
1065 3086 1173 3137 vittate
1191 3088 1245 3137 lan·

190 3165 221 3212 71
241 3161 418 3225 Fetidtmqae
428 3162 519 3227 Ργὶοι]
535 3162 682 3223 cursetidt·
721 3175 766 3211 rue
787 3168 815 3211 et
835 3160 958 3226 supplicia
980 3161 1057 3209 arbor
1078 3160 1169 3213 olivo!
1200 3162 1246 3213 Sic

159 3252 202 3287 ee.-
219 3237 391 3301 etquenam?
407 3242 461 3286 tres
473 3237 541 3286 enim
553 3238 682 3299 coquent-
722 3236 791 3299 rpnd
807 3236 879 3299 virg.
894 3234 904 3263 ⁴
913 3248 1003 3299 pacem
1021 3232 1146 3298 pretatur
1164 3235 1247 3285 oltra!

159 3312 241 3363 necin
254 3311 523 3376 Pelopirlrtaiumla.
562 3313 683 3364 Priuen·
722 3313 788 3363 Cum
803 3310 900 3361 aubltu
919 3308 978 3359 vtda
996 3316 1116 3373 agentem
1133 3310 1167 3360 de
1180 3310 1246 3361 latae

159 3388 307 3453 pollodorue
318 3402 337 3438 ι.
346 3402 388 3437 me
395 3388 499 3437 docuit:
510 3386 638 3437 habitarit
647 3386 682 3437 tbl
722 3403 751 3438 re
762 3388 925 3439 Paeelrallurn
937 3386 980 3436 De
991 3387 1070 3451 legat.
1080 3391 1122 3437 77.

158 3464 303 3525 Melampus
314 3470 403 3513 vetera
420 3464 453 3511 de
464 3463 591 3527 quomira
602 3463 672 3513 luibi.
753 3467 786 3514 to
804 3462 1162 3527 Cnplatequnrrieeaetto]
1184 3464 1247 3515 vid.

189 3541 222 3589 m
240 3538 439 3603 Otiedeqaretaa]
457 3538 544 3589 Moru
554 3552 646 3601 nempe
654 3545 683 3591 et
721 3552 742 3590 ι.
752 3543 809 3590 471.

159 3613 453 3677 comperendinationes.
496 3614 562 3664 Vide
596 3612 682 3664 Caroll
753 3620 784 3665 81
805 3614 969 3679 Ventripotae
982 3615 1049 3679 pan
1065 3616 1162 3679 genas]
1185 3624 1247 3667 reo·-

159 3688 290 3740 Pnaeualii
300 3688 424 3748 metue
435 3694 475 3739 tu.
492 3690 584 3752 Papin-
597 3703 617 3740 1.
632 3690 685 3739 'el·
722 3691 857 3759 eptam.
874 3690 1158 3757 Rumpimus-sylv.
1170 3693 1178 3721 ⁸
1188 3708 1248 3743 reu·

159 3765 285 3828 mileaque
297 3762 561 3826 Notoedeqaeatuaet
570 3764 684 3818 imbres!
723 3768 847 3833 triloqul,'
855 3765 1193 3831 dampnans-mter,
1204 3781 1247 3816 ve·

159 3841 311 3895 enumeres
322 3852 342 3889 1.
359 3838 495 3903 ‘dequesti
504 3840 621 3891 crudelia
630 3841 684 3893 lae·
723 3858 754 3895 ro
764 3843 919 3893 nonturcite
929 3842 1063 3891 describit.

159 3926 188 3969 ta
201 3915 323 3982 tyranni.’
756 3924 789 3969 8²
805 3920 840 3968 Bt
856 3932 948 3986 neem
962 3917 1057 3966 arten
1068 3916 1151 3978 jam]
1166 3917 1247 3967 tlatin'

191 3998 223 4045 75
242 3992 684 4055 hchdqusemneetigetim·
723 4002 810 4054 mute,
826 4006 873 4057 pro
890 3992 940 4041 lato
950 3991 1053 4056 quidem
1070 3992 1182 4040 seculo?
1199 3992 1248 4043 nini

160 4070 214 4135 nrt]
222 4084 261 4119 rr.
269 4074 327 4119 tro.
338 4072 346 4097 ⁴
357 4068 413 4119 Fati
426 4065 547 4131 laqueata
556 4069 660 4119 timetur
669 4074 687 4121 ι’
724 4084 772 4133 per
782 4081 892 4130 arenam,
904 4073 933 4116 ut
945 4066 981 4115 ait
993 4064 1122 4116 Ovidis.
1140 4067 1247 4117 Metam.

162 4146 224 4211 quia
239 4146 340 4209 legatur
352 4151 434 4195 tutum
451 4143 503 4194 lter
517 4150 544 4193 et
554 4143 685 4193 admissio·
724 4144 829 4194 ‘telleia
849 4156 925 4207 poma
945 4139 1090 4205 aeecadnf
1108 4142 1249 4205 emittere

162 4220 390 4287 conquerebar:
417 4218 535 4273 nolebant
554 4219 581 4270 id
597 4218 685 4272 facere
725 4216 1046 4282 etunlmeiutelligim
1067 4218 1248 4283 qnodaonvt·
