2959 4875
238 311 303 380 448
633 325 786 376 rossem
811 326 936 376 mcum

281 471 435 536 Instabat
445 472 516 556 jam
532 473 622 537 dicta
637 471 721 550 dies,
737 490 807 554 qua
822 473 945 536 classis
960 471 1001 534 in‘
1011 471 1100 534 altas

240 573 441 656 Propulsum
457 575 620 656 poscebat
635 593 752 657 aquas,
768 591 845 638 curn
861 574 949 637 lecte
957 572 1121 655 juventus

238 673 442 740 Priamidem
457 677 573 740 sortita
587 675 706 740 ducem
720 695 780 758 per
793 675 905 738 littora
919 672 997 737 ferri

240 775 408 840 Discursu
423 775 553 858 rapido,
567 777 740 860 qualisque
754 776 957 840 abeuntibus
972 773 1080 849 ardor,

238 877 396 942 Certatim
411 878 558 954 fremere,
574 874 1071 943 etvariosmiseeretnmultns.
1264 874 1330 938 180

281 978 386 1042 Hand
402 995 508 1055 mora,
522 979 712 1044 succinctos
728 977 939 1042 Nabathaeos
953 977 1082 1057 agmine
1095 975 1224 1038 ducens

238 1081 368 1145 Hector
379 1079 415 1144 in
431 1097 523 1142 arma
538 1078 699 1163 Phryges,
721 1079 857 1143 comites
871 1097 931 1162 per
944 1078 1071 1144 coernla
1083 1075 1177 1142 fratri

237 1182 292 1246 Ire
301 1181 412 1265 jubet,
426 1185 624 1264 certantque
639 1185 729 1244 rates
741 1183 869 1262 stipere
886 1181 996 1244 secuti

237 1281 414 1348 Poeonidae
430 1280 518 1345 duce
532 1281 732 1364 Deiphobo=
756 1283 839 1365 quin
854 1282 927 1365 ipse
944 1281 1072 1345 Diones

237 1383 325 1467 Spes
343 1382 564 1447 Anchisiades
579 1400 655 1446 cum
672 1381 911 1466 Polydamante
927 1380 1076 1446 securulo
1265 1376 1328 1443 185

233 1483 257 1549 J
260 1485 351 1566 ungit
365 1503 448 1566 opes
461 1503 469 1549 ι
486 1483 624 1567 jamque
639 1483 795 1548 effractus
808 1484 966 1565 rapiebat
981 1501 1100 1547 arenas

237 1584 278 1649 In
294 1584 434 1668 pelagus
450 1584 584 1661 classis,
595 1584 817 1668 humerosque
830 1603 1018 1666 manusque
1029 1589 1158 1661 ments,

237 1686 321 1752 Cum
337 1685 469 1750 taudem
483 1685 676 1750 exclamans
690 1685 801 1768 adytis
816 1684 1008 1750 cassandra
1024 1683 1162 1760 relictis,

238 1787 325 1852 Feta
340 1787 458 1869 aperit,
474 1787 651 1870 turbatque
666 1786 839 1868 Phrygesr
862 1792 897 1851 at
911 1805 1004 1851 saevu
1019 1791 1187 1850 morantes

730 1983 840 2035 NOTAE

236 2095 477 2150 ueriseretvenur.
493 2095 589 2145 Silius:
607 2096 762 2158 ‘Trojeuem
802 2095 898 2158 υικίυ,
912 2097 1014 2160 qualern
1036 2092 1188 2158 Apollonius
1207 2091 1288 2142 Rbod.
1307 2107 1327 2140 ι.

236 2180 351 2224 ostentet
372 2173 481 2237 trepidis
504 2173 537 2221 de
557 2187 645 2236 puppe
663 2172 761 2221 Miner·
802 2171 944 2231 describit3
969 2171 1032 2220 item
1052 2169 1174 2231 Orpheus
1192 2174 1221 2216 et
1238 2167 1328 2216 Veler.

236 2249 313 2300 vam!
346 2249 377 2298 ln
389 2263 468 2313 prore
478 2248 584 2308 σημασίι
592 2249 646 2297 sive
656 2247 762 2312 eupliam·
803 2246 911 2296 Pleecur
924 2246 950 2295 in
962 2243 1142 2309 Amoueoticie
1162 2256 1182 2291 ι.
1193 2240 1270 2290 Silina
1280 2241 1327 2289 lib.

235 2322 518 2385 maledicendum
533 2323 663 2387 ‘lusique'
682 2338 761 2387 pone·
803 2336 842 2372 vr.
861 2323 920 2370 trlie
930 2324 973 2386 qni
990 2322 1060 2384 ligne
1070 2319 1116 2368 lib.
1128 2331 1181 2368 ιιι.
1199 2315 1328 2364 ‘substra-

235 2399 321 2459 betur,
334 2395 401 2447 unde
416 2399 473 2447 uari
486 2411 587 2448 nomen.
620 2397 689 2449 Vide
702 2413 761 2461 pre·
801 2397 1012 2455 minr.'1urlorm
1022 2389 1329 2459 ‘pulvinuu’Polluxed-

235 2475 288 2524 lise
308 2474 415 2523 doctior.
456 2474 592 2525 Heiusinm
615 2475 647 2524 ed
671 2476 762 2526 Silium
801 2484 992 2537 ληγαιιοοιι.
1007 2474 1083 2523 Verr.
1095 2470 1329 2520 ‘Pmnerhominee

237 2562 297 2599 xiv·
309 2564 334 2614 p.
346 2552 402 2597 tat.
413 2553 440 2597 et
451 2547 496 2598 lib.
508 2562 540 2598 ιι.
557 2564 583 2612 p.
593 2554 650 2599 4⁵⁵.
661 2558 689 2600 et
700 2556 762 2600 ante
802 2561 893 2615 captos
904 2565 952 2615 pro
963 2549 1094 2613 phalangia
1105 2547 1200 2595 cerirm
1211 2544 1329 2607 subjece-

234 2624 306 2673 illum
319 2624 455 2673 maximum
473 2624 566 2688 Scalig·
578 2624 610 2674 ad
622 2626 762 2675 Eusebium
803 2636 843 2675 ret
850 2625 867 2687 ;’
884 2628 910 2674 in
929 2623 1023 2688 fragm.
1039 2637 1100 2686 pag.
1112 2623 1169 2671 alu.
1185 2620 1219 2668 de
1236 2619 1330 2683 quibus

236 2702 361 2763 paluel.
378 2698 651 2765 Villiomrrusqnoque
663 2699 762 2763 (ioman
803 2702 927 2751 Perottus
944 2700 978 2751 ad
998 2700 1131 2763 Epigrem.
1144 2695 1258 2745 Mertial.
1271 2701 1328 2745 llll.

236 2774 318 2823 stille
334 2771 461 2835 Scaliger)
478 2774 597 2822 Animed.
618 2776 643 2822 in
656 2777 763 2825 Ceutro·
802 2778 897 2827 Pollux
916 2777 1002 2826 uba.
1021 2777 1131 2839 capul.
1171 2776 1283 2820 Numi
1302 2771 1328 2820 bi

235 2861 303 2897 vera.
319 2846 433 2895 Titiiiib.
442 2859 495 2895 vu.
505 2862 530 2908 p.
539 2852 593 2896 1⁸9.
603 2854 657 2897 toto
666 2851 761 2913 eapite.
803 2854 877 2913 cartu
883 2850 1162 2917 odoramentum.
1171 2848 1247 2910 amu,
1256 2848 1329 2909 otpt.

234 2920 762 2985 JustueLiprinstuteleur,etimigneaive
803 2930 934 2992 Apollonii
954 2931 1085 2991 interpres
1104 2923 1239 2984 θυμω-ὼ
1264 2924 1327 2972 illud

235 2992 382 3060 παράσημον,
392 2995 459 3044 male
479 2994 624 3058 confundit,
642 2999 668 3045 in
688 2998 762 3048 Com·
803 3003 886 3066 addit,
898 3018 931 3053 ex
943 3002 1038 3053 tutibus
1048 3001 1159 3065 pulvinis
1173 3013 1251 3048 unum
1270 3012 1328 3061 ger-

235 3080 316 3122 ment.
334 3071 369 3121 ed
388 3072 547 3121 Senecam.
564 3072 614 3134 Ep.
647 3071 763 3122 Anomi·
802 3080 970 3129 minameene
981 3077 1161 3128 atetevieum.
1183 3074 1329 3137 Propulren

235 3150 311 3200 ”ihm
333 3148 382 3199 ῙΙΙῙΙ
401 3146 551 3209 ΜΝ,
574 3147 642 3212 (Ιῦοΰ
658 3147 761 3213 ι’ῑῑῐῐᾱῑῑ·
799 3150 1327 3219 pertorqm1111v11.rlrcrur:·ur

235 3225 295 3274 dum
312 3222 462 3274 subodorati
472 3231 542 3286 eunt,
554 3222 652 3273 subules
664 3223 761 3273 uedux-
801 3231 901 3293 pariter
909 3230 1029 3294 propulsa
1037 3225 1118 3277 retis!
1126 3226 1172 3277 su.
1181 3238 1250 3276 xrrr.
1259 3225 1328 3275 ‘Nec

194 3360 197 3365 Ι
235 3313 280 3348 ere
289 3297 453 3359 neutrumne
468 3298 567 3349 Poeta.
600 3299 670 3349 Hinc
684 3299 761 3363 Jupi·
801 3319 881 3366 mora,
889 3305 1009 3368 propulsu
1018 3303 1121 3352 arrlcent
1133 3301 1199 3351 reda
1210 3302 1276 3351 rebe
1285 3315 1327 3349 ce·

234 3383 277 3425 ter
288 3375 396 3437 Tauron,
407 3376 522 3439 quamvis
541 3376 708 3439 Palaephatus
727 3376 760 3425 ed
800 3380 873 3429 rium·
901 3379 1019 3429 ibidem:
1036 3377 1193 3427 ‘Abeeoudit
1204 3378 1258 3426 late
1268 3391 1328 3439 pro·

235 3449 386 3513 praedonem
399 3449 550 3498 Cretensem
562 3451 710 3513 transferat,
720 3454 760 3501 tit.
801 3455 882 3518 pulsia
893 3453 1023 3519 puppibus
1035 3452 1141 3515 equor!

235 3524 350 3585 Europe.
382 3523 531 3573 Hineariee
547 3539 605 3574 eum
620 3529 760 3577 eureovel-
834 3534 880 3579 181
898 3530 1035 3579 ominata
1053 3528 1209 3590 liabetioeor]
1239 3518 1327 3577 Nomi·

234 3598 306 3647 leret
323 3612 374 3663 qrre
385 3597 417 3646 de
435 3612 463 3646 re
474 3599 593 3661 Fulgent.
608 3602 635 3650 iu
649 3603 759 3665 Mytbol.
800 3612 896 3655 nentur
914 3606 976 3653 ‘Eoi
989 3604 1120 3668 Phryyee’
1130 3618 1149 3653 ι.
1159 3609 1218 3654 leb.
1242 3605 1327 3654 Dares

234 3686 255 3723 1.
265 3673 340 3724 titulo
351 3672 521 3737 Ganymedis,
533 3682 560 3723 et
572 3677 673 3739 passim.
693 3675 761 3725 Vide
802 3680 938 3744 ‘Phrygas
948 3681 1112 3745 superiorer’
1123 3682 1248 3731 nominet.
1284 3728 1288 3736 ,

234 3748 376 3799 Meunlum
389 3750 420 3797 ad
433 3748 604 3798 Cassandram
616 3749 760 3813 Lycophro·
834 3758 881 3805 lat
908 3756 1041 3819 Peneide]
1063 3758 1180 3806 Priamus
1206 3758 1232 3805 in
1254 3758 1329 3805 Ρη.

235 3826 274 3875 nir
283 3839 309 3888 p.
321 3828 378 3874 ⁸2⁰·
389 3826 439 3873 dtr.
802 3830 869 3880 niem
876 3831 983 3881 miseret
993 3831 1157 3896 Deiphobum
1169 3832 1264 3881 militen
1276 3833 1327 3881 lee-

267 3900 346 3963 Pappi
371 3901 509 3965 proeoeriptn
532 3902 624 3967 Dione]
653 3903 763 3953 Gemina
803 3912 867 3955 tum.

235 3986 295 4025 eunt
318 3976 387 4040 apud
410 3976 486 4025 Orid.
506 3978 531 4027 in
547 3978 632 4043 Epist.
650 3980 761 4041 Paridis,
835 3985 881 4030 lat
911 3982 1072 4045 Hanmryue
1093 3997 1219 4046 maeque
1238 3983 1329 4045 mam]
1351 3950 1355 3955 ¹

236 4050 685 4116 quieuudamexponitapparatum.
802 4055 1013 4120 demolientium,
1039 4064 1069 4105 ut
1087 4070 1126 4108 ιι.
1147 4062 1204 4107 280.
1232 4058 1329 4108 descri-

246 4184 248 4187 .
270 4126 315 4172 177
333 4126 473 4189 Propubum
488 4126 596 4189 mertui
615 4128 699 4193 meae]
714 4135 762 4177 Ne·
802 4130 851 4182 bit.
