2959 4875
489 772 1016 891 APPENnrx.

606 1096 907 1109 m

364 1306 733 1402 SAMUELIS
783 1303 1143 1405 ARTOPOEI

606 1546 888 1625 PRAEFA'I'IO

326 1768 369 1827 ΙΝ
400 1762 674 1827 ARGENTINAM
702 1764 936 1827 EDITIONEM
963 1764 1066 1828 ANNI
1089 1767 1177 1828 1691.

207 2213 371 2303 Dierna
389 2238 621 2304 connumera
639 2237 837 2304 exhibemus
861 2240 938 2320 tibi,
961 2240 1086 2307 lector
1110 2198 1317 2315 Benevola,-

204 2358 293 2405 nova
306 2346 398 2406 roste
412 2336 683 2419 condecoratam,
691 2341 860 2427 talemque
869 2361 1015 2425 promae,
1026 2341 1140 2426 qualia
1150 2359 1195 2407 ex
1203 2338 1295 2405 Sori-

203 2443 270 2508 niie
292 2443 429 2510 illustris
442 2445 517 2524 viri,
532 2442 674 2509 Unnror
697 2440 912 2525 Onancurr,
929 2447 1022 2530 apud
1037 2445 1295 2530 Argentoraten-

204 2565 261 2611 eea
282 2545 445 2612 Praetoria
467 2545 580 2629 Regii,
593 2543 725 2630 prodire
748 2545 881 2628 debuit;
913 2567 981 2613 nou
995 2546 1200 2629 dubitantes,
1214 2542 1296 2630 quin

204 2647 292 2713 ultro
306 2648 369 2714 tibi
389 2667 462 2714 neae
484 2649 667 2732 probatura
680 2647 727 2712 sit
745 2646 821 2711 hmo
840 2647 956 2713 editio.
999 2647 1086 2714 (lum
1099 2648 1189 2714 enim
1202 2645 1296 2711 Auo·

203 2753 256 2814 tor
269 2748 325 2814 hie
338 2749 482 2835 plurima
495 2750 542 2815 sit
555 2767 679 2834 passus
691 2766 713 2813 a
726 2747 936 2814 librariorum
950 2768 1059 2827 manu,
1068 2765 1207 2831 quorum
1215 2763 1295 2830 par-

204 2851 264 2916 tim
284 2853 415 2918 innume
436 2851 530 2916 illum
552 2856 759 2934 corruperat,
772 2849 895 2934 partim
915 2851 1063 2931 inscitia,
1078 2867 1146 2915 non
1160 2847 1295 2932 eapien-

202 2951 286 3017 tium
306 2952 387 3038 styli
402 2971 423 3017 a
438 2971 500 3018 suo
512 2952 642 3018 eaeeulo
662 2950 869 3018 abhorrentia
887 2953 1056 3037 antiquam
1077 2950 1293 3035 gravitatem

201 3054 328 3120 lautum
342 3055 416 3120 inde
431 3062 493 3135 est,
508 3063 548 3120 ut
561 3061 597 3120 et
610 3053 868 3120 existimationis
884 3055 950 3139 ἱραί
970 3054 1094 3120 debitae
1113 3052 1294 3137 plurimum

202 3156 376 3235 amitteret,
391 3164 428 3222 et
440 3176 624 3241 pancorum
637 3155 818 3222 admodum
835 3157 992 3223 manibus
1010 3162 1177 3223 tereretur.
1222 3151 1294 3217 Ne-

202 3275 268 3343 que
292 3275 370 3322 voro
394 3257 462 3324 illis
487 3258 606 3336 solum,
628 3255 687 3321 eod
705 3262 741 3321 et
762 3256 899 3323 criticis
920 3277 987 3324 uon
1009 3277 1128 3342 parum
1149 3259 1202 3320 eet
1220 3268 1293 3320 eum

202 3358 302 3424 sortis
316 3358 407 3444 quod
431 3360 582 3442 imputet,
603 3357 663 3442 qui
685 3377 764 3422 oum
788 3358 920 3424 Meetee
945 3359 1089 3426 Godiene
1111 3356 1291 3422 damarim

200 3460 284 3526 inter
296 3481 334 3526 se
349 3459 639 3547 deprehenderent,
655 3477 749 3543 saepe
764 3460 924 3526 veriorem
943 3462 1121 3528 lectionem
1133 3459 1184 3526 illl
1199 3463 1294 3542 poet·

201 3571 394 3644 posuernnt‚
409 3582 509 3649 quam
528 3563 629 3646 genio
654 3560 784 3640 soeculi,
806 3581 876 3648 quo
895 3563 940 3642 Q.
961 3563 1145 3648 Septimius
1164 3561 1292 3645 Dietyn

199 3663 659 3747 interpretatuseeeedieitnr‚
670 3664 969 3732 convenientiorem
974 3665 1186 3751 judicabant.
1212 3661 1291 3740 Quo

199 3765 308 3848 magio
320 3764 371 3828 illi
386 3763 569 3848 opmndnm
581 3770 662 3842 erat,
671 3762 880 3832 ntiuveniret
890 3767 1071 3834 Patronem
1084 3766 1232 3849 aliquem
1244 3779 1292 3826 ex

199 3866 340 3951 reipubl.
353 3866 509 3932 literaria)
520 3865 735 3945 Proceribua
749 3869 809 3950 qni
821 3869 1013 3935 reformaret
1025 3867 1180 3934 habitum
1194 3879 1292 3928 orna·

199 3975 334 4055 tumque
350 3969 435 4052 ejus,
450 3975 485 4034 et
498 3969 542 4034 ab
554 3967 621 4034 lroo
635 3970 791 4052 neglectu
803 3969 1007 4036 vindicatum
1027 3969 1167 4053 prrsum
1187 3967 1291 4032 nitori

200 4070 418 4156 dignitatique
438 4071 634 4136 restitueret.
678 4068 782 4150 Quod
808 4071 941 4154 quidem
961 4071 1009 4138 illi
1031 4070 1182 4156 contigit,
1197 4076 1291 4154 post·

201 4191 301 4258 quam
322 4174 385 4240 viri
406 4175 504 4242 iatius
520 4172 654 4252 summi,
675 4191 765 4240 unue
782 4172 1033 4241 sublimioribus
1047 4172 1171 4240 admoti
1186 4172 1290 4246 curie,
