2959 4875
226 372 270 438 ts
488 388 566 437 rac.
591 385 782 435 eanrzoun
811 384 1059 433 nissnnnamo

227 534 318 597 sicut
333 528 474 607 Helena,
487 528 610 593 fuerint
624 532 743 611 raptae,
762 533 798 591 et
819 526 896 589 ideo
919 526 1045 608 potius,
1059 533 1218 607 tanquam
1234 521 1317 587 vilia

227 650 382 717 corpora,
395 632 429 697 in
450 632 640 696 servitutem
662 629 832 694 rideantm
853 626 1021 703 abductm,
1035 626 1112 709 quis
1124 625 1200 689 haec
1215 624 1318 688 verba

226 733 375 797 historiae
388 750 491 815 parce
507 730 596 795 adeo
611 730 781 813 expositas
803 728 902 793 aliter
924 728 1103 810 acciperet,
1125 745 1224 809 quam
1240 724 1318 787 Me-

226 834 361 899 nelaum
375 832 483 897 inisse
497 833 609 897 auimo
624 837 871 897 consternatum
886 829 932 893 ob
946 828 1109 911 injuriam,
1123 846 1224 909 quam
1239 845 1318 908 pes·

226 956 274 1001 en
289 934 411 999 luerint
424 954 465 999 eo
479 940 577 1016 raptu
592 932 739 995 illustres
753 932 821 995 illae
832 929 1004 993 ioeminml
1035 926 1081 991 Et
1099 928 1199 991 miror
1223 945 1316 1001 sane,

227 1035 309 1098 nihil
323 1052 460 1116 prorsus
480 1032 579 1097 isthic
594 1051 616 1096 a
631 1051 798 1114 quoquam
814 1051 856 1094 ea
871 1029 913 1093 de
926 1048 961 1093 re
975 1035 1182 1092 annotatum.
1227 1025 1261 1092 N
1262 1032 1317 1091 am

228 1140 315 1199 certo
330 1135 429 1216 longe
444 1136 538 1198 aliter
552 1153 587 1197 se
602 1152 656 1196 res
675 1133 806 1209 habuit,
823 1137 858 1196 et
872 1131 1013 1196 Graecus
1028 1129 1086 1194 ille
1106 1130 1232 1211 Dictys·
1252 1128 1320 1191 liis·

228 1236 348 1299 toriarn
363 1234 461 1311 hanc,
476 1252 540 1298 uon
565 1233 659 1296 aliter
671 1231 816 1316 quidem,
837 1232 896 1296 sed
915 1233 1088 1314 copiosius
1102 1236 1213 1301 tamen
1226 1248 1320 1293 enar·

227 1335 325 1413 ravit,
341 1334 419 1400 dum
434 1353 498 1397 non
514 1334 639 1412 omisit,
654 1341 692 1398 nt
703 1342 815 1398 noster
828 1333 1026 1415 Septimius,
1038 1330 1318 1409 circumstantias,

229 1455 276 1500 ex
298 1436 420 1518 quibus
442 1435 533 1499 illius
558 1433 733 1517 ‘injuriae'
755 1441 790 1497 et
815 1432 1135 1498 ‘constemationis'
1156 1431 1242 1495 ratio
1258 1440 1323 1513 ap·'

228 1542 373 1618 pareret.
416 1534 517 1613 Nam,
544 1540 579 1598 ut
608 1554 653 1599 ex
683 1533 813 1598 Malela
840 1533 995 1597 novimus
1016 1534 1076 1597 lib.
1092 1549 1127 1596 v.
1151 1551 1228 1614 pag.
1244 1534 1320 1597 119.

228 1634 328 1699 Paris
342 1654 402 1719 per
417 1634 564 1698 AEthrnm
580 1643 615 1701 et
629 1633 808 1719 Clymenen
830 1633 1022 1717 ‘corrupit'
1043 1632 1235 1718 (ὑπηόθωσι)
1248 1632 1322 1698 He·

229 1738 348 1815 lenam,
364 1737 459 1799 etita
483 1737 567 1803 ultro
590 1736 643 1800 he
665 1735 821 1799 mulieres
837 1754 913 1798 cum
935 1734 1071 1800 H'elena
1083 1736 1127 1799 de
1150 1733 1272 1799 Paride
1284 1735 1321 1798 in

228 1837 340 1918 iugum
364 1856 402 1899 se
424 1836 597 1900 dederunt.
641 1834 733 1899 Hinc
755 1835 825 1917 jam
848 1834 938 1917 apud
963 1836 1123 1901 Malelam
1152 1854 1230 1918 pag.
1246 1836 1321 1900 120.

230 1937 417 2013 Menelaus,
429 1956 502 2001 cum
516 1938 733 2001 intellexisset
747 1937 834 2000 hunc
848 1941 980 2019 raptum
995 1943 1029 2000 et
1042 1937 1166 2018 lugam,
1181 1937 1272 2001 stetit
1286 1941 1324 2000 et

230 2038 349 2101 mansit
364 2037 570 2120 aliquamdiu
599 2044 761 2120 ‘stupore
776 2036 936 2101 defixusz'
957 2037 1029 2099 πολὺ
1050 2042 1111 2124 γὰρ
1132 2037 1249 2115 ἐλυπήθη
1272 2038 1323 2098 διὰ

230 2140 279 2213 τὴν
301 2135 413 2221 Αἴθραν·
444 2134 474 2213 ἦν
496 2142 557 2223 γὰρ
583 2136 694 2223 ἔχουσα
716 2136 854 2214 inituim
876 2138 944 2223 παρ’
965 2141 1044 2223 αὐτῷ
1065 2136 1205 2225 sinopem
1227 2138 1323 2203 πάνυτ

230 2238 390 2302 ‘multum
402 2242 487 2304 enim
511 2241 621 2303 animo
646 2246 831 2304 commotus
855 2247 910 2303 est
931 2242 965 2303 in
980 2239 1175 2316 tristitiam,’
1188 2240 1326 2304 scilieet

231 2338 1324 2423 irae,‘propterAEthram:excitaveratenimillusibiapudipsum

231 2441 512 2506 existimationem
524 2440 670 2506 soeminae
687 2461 822 2524 prorsus
834 2451 938 2508 castoe
951 2451 987 2506 et
1001 2441 1137 2525 probru!
1158 2441 1324 2506 Videmus

231 2540 319 2616 hinc,
345 2559 447 2623 quare
470 2542 520 2606 ita
541 2543 666 2607 ‘multo
695 2545 839 2625 amplius
858 2545 902 2608 ob
924 2544 1076 2627 injuriam
1101 2563 1235 2608 suarum
1251 2543 1325 2607 affi-

230 2642 322 2706 nium
344 2643 592 2708 consternatis-⁹
613 2646 712 2710 fuerit
734 2645 921 2721 Menelaus,
940 2653 1009 2708 tum
1036 2663 1115 2728 qum
1139 2645 1201 2709 illa
1220 2643 1328 2708 luerit

231 2745 341 2807 earum
357 2744 520 2826 ‘injuriu,'
539 2746 686 2824 scilicet,
706 2766 771 2811 non
796 2767 896 2829 quam
923 2764 1035 2830 passm
1058 2766 1081 2809 a
1105 2745 1238 2822 Paride,
1257 2745 1325 2810 sed

231 2862 332 2925 quam
347 2845 493 2910 lecerunt
517 2847 685 2926 Menelao,
700 2850 780 2913 dnm
802 2848 919 2913 furtivi
933 2848 1056 2911 amoris
1069 2849 1153 2910 inter
1170 2847 1268 2912 Parin
1283 2855 1324 2910 et

233 2941 397 3007 Helenam
413 2944 541 3011 fuerunt
555 2949 763 3014 intemuntiae
778 2957 811 3014 et
821 2949 1075 3022 conciliatrices,
1086 2967 1127 3012 ac
1137 2948 1214 3011 dein
1227 2948 1321 3026 sugae

233 3043 415 3126 adjutrices
431 3054 466 3108 et
481 3052 628 3127 comites,
643 3051 735 3133 qnod
748 3058 782 3115 et
797 3050 941 3114 Ovidius
956 3051 990 3112 in
1000 3048 1169 3131 'Epistolis
1185 3047 1324 3112 Paridis

232 3149 267 3208 et
284 3145 435 3210 Helenes
457 3147 545 3212 haud
569 3151 710 3215 obscure
732 3150 913 3232 signifieat,
927 3147 988 3212 sed
1003 3149 1101 3232 cnjus
1116 3151 1243 3215 nullam
1264 3150 1326 3212 vel

231 3245 399 3310 minimam
426 3250 497 3311 suis
528 3250 707 3334 lectoribus
733 3250 847 3333 injecit
875 3250 1102 3331 suspicionem
1135 3251 1326 3332 Septimius

231 3353 354 3422 noster,
378 3349 613 3428 praetermissa,
636 3369 711 3432 qum
742 3350 785 3414 ad
808 3350 955 3414 historias
978 3357 1013 3412 et
1041 3348 1210 3434 ‘injuriae’
1229 3351 1326 3414 illius

232 3445 455 3525 cognitionem
469 3452 666 3531 pertinebat,
692 3453 938 3516 circumstantia
947 3470 1098 3532 prorsus
1120 3452 1326 3528 necessaria,

231 3561 397 3626 quamque
409 3546 486 3610 ideo
499 3548 640 3614 Graecus
657 3551 787 3635 Dictys,
801 3559 838 3615 et
853 3552 1001 3633 quicum
1017 3555 1113 3637 sequi
1127 3573 1165 3616 se
1185 3551 1326 3634 profite-

231 3651 295 3722 tur,
311 3643 464 3723 Malelas,
478 3649 610 3712 minime
625 3653 795 3733 praeteriit.

276 3759 348 3808 xri.
372 3745 410 3808 ln
426 3748 625 3828 quibusdam
642 3757 750 3814 temen
763 3753 864 3817 etiam
880 3755 915 3817 in
930 3753 1075 3829 diversa,
1086 3759 1123 3818 ut
1137 3753 1222 3830 dixi,
1234 3754 1326 3818 abiit

232 3864 254 3908 a
275 3851 392 3910 nostro
414 3845 576 3928 Septimio
592 3849 737 3914 Malelas
759 3852 834 3929 iste,
855 3861 958 3936 atque
979 3853 1065 3917 adeo
1080 3855 1111 3916 si
1132 3854 1246 3918 omnia
1258 3873 1326 3919 sua

231 3964 277 4008 ex
313 3943 436 4027 Dictye
465 3951 593 4025 sumsit,
622 3951 726 4013 alium
749 3959 881 4033 oportet
901 3954 1059 4017 habuisse
1081 3973 1158 4017 eum
1184 3955 1324 4037 Dictyn,

230 4059 332 4127 quam
356 4045 470 4109 habuit
490 4045 684 4128 Septimius.
728 4049 836 4116 Immo
850 4071 928 4116 uero
950 4063 1017 4116 non
1039 4072 1085 4118 ex
1104 4053 1181 4117 solo
1196 4052 1326 4137 Dictys

232 4162 329 4210 suam
354 4145 411 4208 ille
439 4148 682 4213 consarcinavit
703 4167 812 4213 rerum
831 4151 1053 4234 'l'mjanamm
1082 4153 1324 4232 uenationem,
