2959 4875
478 368 527 415 oa
552 366 679 417 exoro.
702 342 831 419 unere
854 368 1002 419 uranon.
1216 356 1280 420 807

190 508 391 593 praedantur.
435 506 537 586 Quod
560 508 719 591 oppidani
741 528 817 573 oum
832 510 1011 589 vidissent,
1030 510 1088 575 diu
1110 530 1280 594 pugnave-

190 616 265 674 runt
287 628 363 675 cum
377 607 586 686 Alexandro,
613 629 652 674 ue
674 609 842 675 Helenam
860 614 985 696 eripere
1010 620 1141 696 posset.
1185 610 1280 689 Quos
1336 599 1341 608 ’

190 710 384 775 Alexander
405 709 510 774 fretus
535 710 746 775 multitudiue
767 714 935 777 sociorum
960 715 1143 797 superavit,
1166 714 1280 778 lanum

190 812 402 895 exspoliarit,
423 811 575 875 homiues
591 830 707 877 secum
722 814 984 895 quamplurimos
999 815 1152 897 captivos
1168 815 1279 892 duxit,

189 915 224 977 in
233 913 343 975 navim
358 912 528 995 imposuit,
541 913 681 977 classem
696 914 808 990 solvit,
817 912 950 978 domum
962 916 1081 979 reverti
1096 915 1278 999 disposuit,

189 1014 223 1075 in
238 1019 369 1096 portum
383 1011 549 1077 Tenedon
563 1012 738 1095 pervenit,b
754 1014 811 1077 ubi
822 1013 987 1079 Helenam
1003 1021 1179 1080 moestame
1195 1018 1277 1082 allo·

190 1114 270 1195 quio
285 1110 477 1199 mitigavit,d
499 1115 588 1197 patri
611 1116 657 1178 rei
681 1119 783 1195 gestae
802 1117 950 1179 nuntium
968 1117 1070 1181 misit.
1116 1117 1273 1183 Menelao

188 1218 367 1296 postquam
392 1214 427 1277 iu
448 1213 536 1296 Pylo
559 1215 746 1278 nuntiatum
768 1224 832 1291 est,
852 1235 927 1279 cum
952 1215 1096 1282 Nestore
1120 1219 1276 1300 Spartam

189 1313 357 1397 proiectus
373 1322 439 1391 est,
454 1316 497 1378 ad
514 1314 797 1397 Agamemnonem
819 1316 950 1382 fratrem
971 1319 1065 1382 misit
1078 1316 1202 1401 Argos,
1226 1339 1279 1384 re·

188 1433 267 1495 gans
283 1421 318 1479 ut
332 1415 374 1479 ad
390 1435 425 1479 se
440 1415 563 1481 veniat.
605 1416 739 1481 Interea
752 1416 948 1481 Alexander
968 1419 1012 1483 ad
1034 1427 1161 1502 patrem
1179 1440 1276 1485 suum
1352 1488 1363 1505 ‚

188 1532 263 1577 cum
279 1514 393 1596 praeda
407 1518 568 1597 pervenit,
582 1521 614 1579 et
628 1518 677 1579 rei
693 1525 797 1598 gestoe
812 1518 961 1582 ordinem
977 1519 1084 1584 refert.
1107 1519 1190 1603 [ln]
1205 1522 1279 1585 Pri-

188 1634 284 1677 amus
310 1616 446 1696 gavisus
470 1622 534 1691 est,
561 1634 697 1698 sperans
720 1615 860 1681 Graecos
883 1637 988 1683 causa
1014 1622 1277 1701 recuperationis

190 1714 332 1779 Helenae
357 1734 501 1780 sororem
527 1713 713 1781 Hesionam
736 1716 984 1794 reddituros,et
1005 1739 1135 1803 eaquae
1157 1721 1278 1785 iudea

187 1815 344 1899 ‘l'roJauis
370 1818 585 1881 abstulerant.
630 1816 799 1881 Helenam
816 1826 973 1883 moestam
995 1821 1189 1885 consolatus
1214 1832 1277 1897 est,

188 1921 222 1979 et
237 1935 311 1981 eam
327 1915 518 1981 Alexandro
533 1918 708 2001 conjugem
723 1919 835 1985 dedit:
858 1940 960 2004 quam
984 1928 1022 1985 ut
1047 1924 1182 2005 aspexit
1196 1923 1277 1988 Cas·

187 2017 321 2096 sandra,
336 2018 514 2081 vaticinari
529 2021 644 2101 coepit,
658 2040 848 2085 memorans
860 2042 901 2085 ea
916 2041 993 2113 quae
1010 2028 1087 2086 ante
1108 2025 1276 2106 praedixe-

66 2118 70 2127 '
187 2126 248 2183 rat.
292 2118 404 2197 Quam
421 2118 576 2182 Priamus
588 2120 733 2183 abstrahi
748 2129 782 2185 et
794 2122 922 2185 includi
940 2119 1054 2203 jussit.
1098 2122 1277 2205 Agamem-

186 2237 261 2295 non,
283 2223 465 2301 postquam
484 2219 640 2300 Spartam
658 2221 764 2297 venit,
783 2220 916 2284 tranem
938 2224 1132 2287 consolatus
1157 2230 1218 2300 est,
1240 2234 1276 2288 et

187 2320 314 2401 placuit
328 2324 364 2382 ut
386 2338 444 2401 per
465 2322 569 2381 totam
585 2317 751 2383 Graeeiam
766 2322 978 2403 conquesturi
1004 2324 1208 2388 mitterentur
1232 2326 1276 2390 ad

188 2418 422 2486 convocandos
434 2418 584 2495 Graecos,
595 2426 628 2484 et
640 2419 798 2504 Trojanis
809 2421 931 2485 bellum
943 2422 1162 2487 indicendum.
1185 2423 1276 2488 Con-

187 2529 347 2586 venerunt
361 2528 469 2586 autem
483 2521 536 2598 hi3
558 2517 707 2584 Achilles
723 2540 797 2584 cum
815 2521 985 2597 Patroclo,
1002 2521 1177 2605 Euryalus,
1198 2525 1275 2589 'l'le-

186 2622 359 2702 potemus:
376 2620 567 2684 Diomedes.
604 2618 792 2701 Postquam
806 2620 965 2702 Spartam
979 2633 1204 2700 accesserunt,
1218 2625 1276 2687 de·

188 2727 360 2786 creverunt
390 2721 529 2804 injurias
558 2715 800 2803 'lrojauorumf
829 2723 998 2803 persequi,
1026 2725 1211 2786 exercitum
1241 2732 1275 2787 et

188 2822 329 2887 classem
343 2839 545 2904 comparare.
576 2820 856 2903 Agamemnonem
865 2822 1097 2903 imperatorem
1111 2828 1144 2886 et
1158 2823 1274 2886 docem

188 2922 385 3003 praeficiunt.
431 2921 479 2984 Hi
503 2922 634 3004 legatos
650 2922 796 2999 mittant,
818 2926 856 2985 ut
879 2929 950 2987 tota
965 2921 1100 2987 Graecia
1120 2925 1275 2986 conveni·

675 3148 783 3198 NOTAE

218 3292 230 3326 ὓ
245 3292 377 3356 lapertaaa
390 3292 497 3342 Teredon
508 3293 626 3356 pemerit]
649 3294 711 3343 Die·
751 3306 830 3342 narse
841 3298 931 3342 aeeuta
939 3297 989 3352 eat,
1000 3291 1045 3339 sed
1053 3304 1109 3338 eam
1120 3289 1195 3339 Parte
1206 3290 1275 3338 intra

185 3375 227 3432 tyr
245 3368 290 3429 ait,
301 3381 359 3416 eum
374 3368 517 3418 inconsulte
534 3382 605 3418 urum
618 3370 712 3431 ventis,
750 3380 828 3416 neree
839 3367 984 3430 impellens,
993 3366 1052 3413 reta
1062 3364 1136 3426 lecit,
1144 3369 1194 3414 dre.
1358 3398 1362 3404 «

187 3443 335 3492 Phoeuieem
354 3443 492 3506 appulisse.
525 3443 591 3492 Vide
611 3442 647 3493 ibi
666 3457 710 3494 no·
781 3440 919 3503 termae
927 3439 1062 3502 mitigavit]
1079 3438 1111 3487 ld
1122 3439 1276 3501 eat,aolatua

185 3524 254 3568 tatae
751 3524 804 3577 ειη
824 3516 959 3579 alloquium
977 3515 1045 3563 euim
1060 3522 1101 3563 eet
1116 3515 1273 3564 consolatio:

217 3601 228 3628 ⁶
248 3592 295 3642 Uli
305 3591 421 3642 Helenam
429 3595 546 3657 martam]
564 3593 710 3643 lnuuitlla·
751 3592 950 3642 Catulluarooat
962 3588 1178 3640 ‘allocutionem'

186 3681 238 3730 rea,
250 3668 375 3718 Helenam
386 3668 491 3718 inritam
510 3684 526 3718 a
542 3667 637 3717 Paride
652 3681 710 3731 rap·
782 3667 964 3730 emoneo]
992 3665 1113 3716 Herculia
1134 3673 1161 3714 et
1180 3664 1274 3728 Astyo-

187 3751 239 3791 tam
259 3740 356 3802 luisse,
379 3741 448 3804 quod
468 3750 496 3792 et
513 3743 555 3792 alii
575 3742 708 3792 scribunt:
750 3742 891 3798 ehaefiliua,
902 3743 953 3790 dux
967 3741 1136 3790 Rhodiorum:
1162 3741 1182 3787 ta
1196 3740 1273 3792 euim,

186 3817 255 3866 unde
271 3817 377 3866 Homeri
394 3817 596 3878 Selrolteateqiu
613 3816 709 3878 Odyea.
750 3818 835 3866 oculeo
862 3817 994 3878 lyeimuio
1021 3814 1153 3864 Alcmenes
1183 3810 1273 3871 fratre,

185 3897 217 3940 v.
239 3891 328 3940 scribit
343 3891 473 3940 Venerem
491 3891 581 3940 Paridi
597 3891 709 3941 Menelai
751 3891 861 3954 patriam
887 3887 989 3951 logicae
1017 3888 1134 3936 ltlrodom
1164 3886 1274 3949 appulit,

186 3965 293 4016 formam
306 3955 456 4023 dediaee,'et
471 3967 509 4015 ita
526 3965 651 4015 Helenam
664 3967 709 4015 de·
750 3979 858 4030 eamque
867 3963 917 4012 eibi
928 3963 1048 4024 subjecit.

187 4042 295 4106 ceptne.
315 4040 709 4103 lpsaeuim,cxietimanerere·
782 4040 912 4101 ’Μανία
920 4037 1084 4105 Terinaeum]
1092 4036 1124 4085 ld
1133 4036 1273 4097 eat,a'l'ro.

188 4132 218 4168 ra
236 4133 291 4168 ease
311 4119 467 4181 Menelaum,
485 4127 578 4182 sponte
600 4132 655 4168 eum
677 4118 709 4167 ad
745 4115 920 4179 jeraiaillatas.
964 4152 967 4156 .
