2959 4875
481 350 528 397 us
554 348 681 397 excru.
705 348 832 397 ruore
856 349 1005 397 maroa.
1218 334 1284 401 803

195 490 304 557 conati
322 496 456 569 essent3
470 490 595 555 multus
610 490 782 575 adjutores
794 491 938 557 Graeciae
949 493 1099 571 futuros3
1115 490 1283 576 Europam

192 592 371 657 bellicosos
379 592 525 657 homines
539 592 660 657 babere
672 613 682 672 ;
698 592 816 658 Asiam
828 612 959 677 semper
972 590 1164 658 indesidia¹⁸
1179 596 1282 659 vitam

194 694 371 777 magicus
392 703 426 759 et
450 694 495 758 ob
520 693 555 757 id
578 694 721 759 classem
744 714 811 759 nou
835 694 965 759 babere.
1009 693 1068 774 [7.]
1087 693 1284 760 Alexander

194 796 361 861 cohortari
376 795 494 877 eoepit,
510 800 545 859 ut
560 794 681 859 classis
694 801 909 879 praeparetur,
930 803 965 859 et
977 796 1012 859 in
1026 795 1196 861 Graeciam
1208 799 1283 862 mit·

193 905 302 962 tatur:
324 916 362 961 se
387 896 433 959 rei
456 896 555 980 bajus
581 894 765 978 principem
779 894 935 975 futurum,
950 898 979 961 si
994 903 1090 979 pater
1104 898 1224 962 vellet:
1246 900 1282 961 in

194 998 339 1063 Deorum
352 998 556 1079 benignitate
565 1015 604 1061 se
613 996 792 1075 confidere,
797 998 898 1063 uictis
904 997 1058 1063 hostibus
1071 997 1169 1063 laude
1177 1000 1281 1084 adep-

193 1106 241 1175 ta,
257 1098 299 1163 de
315 1098 451 1163 Graecia
476 1098 609 1163 domum
632 1098 812 1162 rediturum
832 1120 917 1165 esse.
961 1098 1050 1164 Nam
1069 1100 1133 1164 sibi
1158 1101 1194 1164 in
1215 1100 1280 1165 Ida

194 1199 290 1283 sylva
305 1219 381 1264 cum
398 1206 549 1265 venatum
563 1200 702 1278 abisset,
723 1200 759 1263 in
777 1202 906 1265 somnis
929 1200 1130 1265 Mercurium
1149 1202 1282 1267 addux-

193 1300 261 1365 isse
275 1299 297 1363 J
301 1298 463 1378 unonem,¹
481 1300 657 1376 Venerem,
673 1300 869 1372 Minervam,
883 1308 921 1367 nt
933 1303 1020 1366 inter
1034 1320 1094 1365 eas
1106 1303 1148 1365 de
1163 1305 1279 1385 specie

189 1400 366 1485 judicaret.
410 1400 456 1464 Et
470 1405 547 1465 tunc
562 1401 627 1464 sibi
642 1399 807 1465 Venerem
822 1402 1010 1486 pollicitam
1024 1422 1109 1481 csse,
1133 1406 1164 1467 si
1185 1424 1281 1469 suam

195 1504 341 1587 speciem
362 1502 532 1565 meliorem
554 1501 671 1567 barum
694 1504 808 1584 specie
827 1503 1008 1587 judicaret,
1031 1503 1180 1569 daturam
1196 1525 1233 1569 sa
1247 1507 1281 1571 ei

194 1621 342 1683 uxorem,
359 1622 434 1687 quae
457 1602 492 1665 iu
518 1601 654 1667 Graecia
667 1603 851 1684 speciosior
864 1601 1046 1667 videretur:
1069 1606 1126 1668 ubi
1151 1608 1200 1670 ita
1222 1625 1281 1669 au·

195 1701 312 1783 disset,
327 1706 488 1789 optimam
503 1704 589 1768 facie
604 1702 771 1769 Venerem
791 1703 1015 1788 judicasse:²¹²
1038 1706 1124 1777 unde
1145 1725 1281 1789 sperare

194 1804 314 1869 debere
330 1805 509 1884 Priamum,
524 1804 690 1870 Venerem
704 1806 899 1889 adjutricem
912 1805 1112 1871 Alexandro
1125 1806 1280 1871 futuram.

195 1905 393 1989 Deiphobus
407 1906 539 1989 placere
553 1906 619 1970 sibi
634 1906 720 1971 dixit
735 1906 919 1972 Alexandri
935 1908 1131 1973 consilium:
1154 1913 1190 1972 et
1202 1892 1281 1992 spe·

188 2024 265 2069 rare
281 2004 423 2071 Graecos
439 2006 627 2071 Hesionam
644 2005 845 2086 reddituros,
867 2016 902 2072 et
918 2008 1159 2086 satisfacturos,
1180 2011 1222 2085 si,
1240 2016 1278 2074 ut

194 2106 391 2189 dispositum
406 2112 506 2184 esset,
522 2106 641 2171 classis
656 2107 690 2169 in
705 2104 875 2173 Graeciam
894 2110 1083 2173 mitteretur.
1128 2110 1280 2175 Helenus

193 2208 367 2275 vaticinari
382 2210 496 2292 coepit,
519 2207 641 2273 Graios
660 2217 829 2286 venturos,
853 2210 954 2274 llium
968 2229 1150 2287 eversuros,
1163 2230 1279 2293 paren·

194 2318 246 2375 tes
268 2317 303 2373 et
323 2310 441 2375 babes
461 2309 577 2375 hostili
597 2328 697 2374 manu
723 2308 927 2388 interituros,
950 2311 981 2375 si
1000 2311 1191 2375 Alexander
1213 2312 1279 2375 sibi

193 2430 331 2477 uxorem
347 2413 391 2477 de
400 2410 533 2478 Graecia
548 2410 754 2476 adduxisset
797 2410 928 2476 Troilus
941 2412 1097 2476 minimus
1109 2418 1200 2489 natu,
1210 2430 1278 2476 non
1333 2407 1337 2413 ’

193 2514 301 2578 minus
314 2513 410 2578 fortis
425 2533 525 2598 quam
541 2513 679 2586 Hector,
695 2511 816 2576 bellum
830 2513 901 2592 geri
915 2512 1089 2590 suadebat,
1101 2519 1136 2578 et
1149 2532 1215 2577 non
1224 2512 1280 2576 de·

193 2613 271 2678 bero
292 2614 407 2678 terreri
429 2619 518 2680 metu
535 2612 710 2678 verborum
732 2611 864 2688 Heleni.
910 2611 1013 2690 Quod
1035 2614 1188 2676 omnibus
1210 2615 1279 2696 pla·

195 2714 275 2791 cuit,
290 2715 435 2786 classem
450 2714 651 2798 comparari,
676 2718 709 2776 et
731 2712 764 2775 in
779 2711 946 2776 Graeciam
961 2713 1139 2796 proticisci.
1184 2713 1279 2778 Pria·

194 2831 267 2878 mus
294 2815 524 2880 Alexandrum
550 2822 584 2878 et
609 2812 823 2896 Deiphobum
848 2812 884 2876 in
910 2812 1084 2877 Paeoniam
1112 2814 1211 2889 misit,
1239 2823 1278 2878 ut

225 3145 241 3190 9
258 3139 397 3192 Εταοκὶυι
408 3141 500 3206 Delpb.

685 3299 790 3350 Nom

224 3423 236 3458 ἱ
253 3425 335 3476 Ariane
344 3426 370 3474 la
379 3425 482 3490 adab]
507 3427 593 3479 Quare
606 3424 715 3476 Asiatici
755 3426 782 3474 lu
793 3437 855 3474 ecce
866 3419 961 3487 πόρων.

192 3513 295 3564 repar
302 3501 390 3552 mallee
399 3501 513 3552 audiere.
786 3507 804 3534 ¹·
821 3497 1013 3563 Optinnsaeie
1028 3495 1139 3546 Veserm
1145 3496 1277 3562 jadicem]

225 3573 231 3607 ¹
247 3577 279 3626 Ia
289 3577 528 3628 ammonariam
534 3577 661 3627 eddeaeiree
667 3577 713 3628 da·
753 3573 921 3626 Scribendnm
932 3582 981 3630 eat,
992 3574 1107 3636 ‘optima
1117 3571 1184 3623 fecie
1192 3575 1276 3623 Vene-

191 3651 286 3715 aoaera]
310 3651 347 3701 llt
363 3651 520 3702 fabulamde
530 3653 713 3717 jtrdieioi‘ari·
753 3650 827 3713 rem,’
845 3654 895 3701 dre.
928 3649 1009 3702 Ratio
1033 3649 1163 3713 estquod
1187 3649 1278 3700 batiae

191 3725 231 3774 dir
242 3726 353 3777 historia
367 3728 554 3792 accommodet,
563 3728 589 3777 id
602 3743 676 3779 omna
688 3729 714 3778 in
754 3729 804 3779 dici
816 3742 866 3778 ooo
877 3727 968 3791 poerit,
976 3726 1048 3776 verbi
1058 3726 1149 3790 matie,
1163 3727 1171 3754 ⁴
1183 3726 1277 3775 Nireus

188 3803 285 3852 maenia
295 3803 392 3854 fectum
403 3803 482 3853 iniere
496 3803 569 3855 dicit.
601 3805 654 3855 Sed
670 3807 714 3857 aiii
754 3797 795 3856 eri
805 3805 917 3868 optimus
930 3801 1015 3858 frete:
1030 3803 1074 3851 aed
1085 3802 1195 3862 omnino,
1212 3800 1276 3849 ‘Ni-

191 3877 316 3944 scribant,
326 3879 448 3930 Paridem
459 3881 579 3944 hymnum
592 3880 714 3931 inVene·
753 3895 813 3931 rena
831 3887 873 3929 ert
889 3879 987 3942 optima
1003 3874 1090 3925 tecle!
1121 3875 1165 3924 Sic
1181 3875 1277 3923 'l'eren-

191 3969 246 4006 rem
256 3955 440 4020 comperuisse.
451 3955 495 4006 ubi
512 3969 568 4006 eam
579 3955 675 4007 Junnni
686 3965 714 4008 et
753 3957 814 4019 tior,
824 3954 891 4004 And.
902 3967 922 4002 ι.
932 3952 1019 4002 lusu.
1031 3951 1112 4000 Forte
1122 3963 1198 3998 nnem
1209 3949 1275 4013 erpi.

191 4029 294 4081 Palladi
305 4029 479 4096 praeferebam
496 4029 564 4080 unde
576 4030 714 4094 portease·
753 4034 794 4084 elo
803 4027 1027 4089 adolescentulam,
1036 4026 1141 4075 Forma!
1169 4024 1214 4076 Sc.
1225 4026 1276 4075 Bc·

191 4107 253 4157 bule
271 4115 333 4157 nata
351 4107 482 4172 ercqnari
499 4108 556 4171 ipre
572 4115 715 4171 precanter
753 4105 911 4158 aeroma.
926 4100 1277 4164 Sr.lltvnltn,florie,lldeo

191 4182 714 4247 Denrjrdieerlr.videcedrenmtsud.
754 4177 1276 4248 modert0,edeoeennrto,ntnibilrnpre.'
