2959 4875
675 328 765 379 1ιῦοι
787 326 900 377 wll!

607 534 711 621 v111'.
755 550 959 620 crunon.

636 685 715 750 Isiu.
733 702 756 750 ι.
777 684 868 749 Gar.
884 685 936 747 14.
955 757 964 771 .

434 838 444 874 ‘
457 832 624 912 Thetidis,
636 853 712 919 quac
729 854 772 898 ex
786 828 931 897 Chirone
942 826 1136 894 dicebatur?

284 969 449 1046 onnon,
466 967 655 1033 Cenmuros
663 963 860 1041 Thessalus,
868 962 1002 1029 Saturui
1012 981 1056 1027 ex
1070 959 1220 1044 Phyllira
1226 958 1330 1028 lilius.

241 1069 450 1153 Apollonii.
466 1067 649 1151 Argonaut.
672 1058 890 1147 Hygia-188.
912 1062 996 1127 Fab.
1040 1060 1232 1137 Prudentia,
1253 1078 1331 1141 pro·

240 1170 356 1246 hiteta,
386 1168 523 1253 Justitia
549 1175 585 1230 et
620 1165 772 1249 plurimis
803 1163 972 1229 excellens
1002 1164 1149 1240 artibus3
1178 1159 1266 1223 uude
1294 1163 1331 1221 et

239 1268 365 1333 Achilli
379 1269 585 1353 paedagogus
607 1266 718 1331 datus.
750 1265 948 1349 Apelleae
971 1262 1157 1345 Argonaut.
1179 1259 1330 1323 Pausau.

242 1370 278 1432 iu
299 1367 460 1433 Laconic.
474 1366 597 1431 Alciat.
612 1367 688 1430 145.
703 1364 869 1429 Emblem.
913 1362 1005 1428 Nam
1023 1370 1058 1427 et
1071 1360 1222 1425 modicus
1235 1357 1330 1442 (Hy-

241 1470 306 1551 giu.
320 1467 396 1533 274.
408 1464 509 1550 Feb.)
524 1462 757 1549 AEsculapium
771 1464 854 1529 fecit
866 1461 1042 1529 medicum.
1085 1461 1188 1526 Ouid.
1198 1476 1238 1523 ιι.
1255 1456 1330 1521 Me-

241 1574 320 1635 tam.
333 1570 409 1634 963.
432 1576 464 1633 ct
479 1565 734 1631 Mathematicus
755 1566 936 1630 Herculem
958 1562 1104 1630 reddidit
1117 1560 1332 1641 astrologum.

243 1669 359 1733 Natal.
375 1667 511 1734 Comes.
527 1666 716 1751 Mytholog.
732 1664 793 1729 lib.
806 1682 873 1729 vrr.
888 1664 921 1731 1.
1320 1715 1322 1718 .
1366 1667 1370 1676 '

286 1770 478 1834 Praesertim
505 1786 582 1831 vero
611 1767 783 1850 equitandi
809 1767 926 1831 docuit
947 1768 1071 1830 artemz
1101 1762 1226 1845 quippe
1254 1778 1332 1823 cum

244 1868 335 1952 apud
348 1868 532 1933 Thessalos
546 1866 703 1933 Centauri
718 1866 902 1950 equitando
917 1885 995 1930 sese
1008 1865 1215 1929 exercebant
1245 1860 1333 1925 Stat.

230 1984 303 2053 rx.
321 1966 485 2033 Thebaid.
499 1966 575 2031 220.
599 1966 784 2050 quinimmo
798 1967 922 2050 quibus
944 1983 1106 2049 equorum
1121 1962 1259 2027 debetur
1272 1980 1333 2044 gu·

243 2068 407 2145 humatio,
432 2074 570 2133 auctore
596 2068 757 2147 Lucau03
780 2066 890 2151 cujus,
906 2084 957 2131 vr·
983 2064 1136 2131 Pharsal.
1162 2063 1237 2128 896.
1257 2062 1332 2128 lroec

243 2170 356 2238 verba.

330 2267 464 2332 Primus
485 2269 529 2331 ab
543 2286 700 2354 aequorea
714 2268 883 2353 percussis
898 2267 1040 2351 cuspide
1054 2267 1148 2332 saxis

328 2366 547 2432 Thessalicus
562 2366 702 2452 sonipes
716 2367 815 2433 bellis
830 2368 989 2433 feralibus
1002 2388 1100 2433 omeu

330 2467 470 2548 Exiluit,
485 2469 611 2552 primus
625 2466 800 2550 chalybem
813 2467 1002 2552 fraenosque
1010 2466 1201 2532 momordit.

286 2565 386 2632 Unde
411 2573 445 2630 et
465 2568 500 2631 in
516 2565 668 2632 zodiaco
683 2567 901 2650 Sagittarium
924 2577 1159 2655 postmortem
1182 2566 1299 2652 (periit
1313 2588 1335 2632 e

101 2717 106 2724 .
245 2667 378 2734 vulnere
394 2667 502 2750 pedis,
518 2688 593 2734 cum
614 2667 802 2756 Herculeus
824 2677 972 2752 tangeret
986 2671 1137 2752 sagittas.
1182 2665 1283 2733 ovid.
1299 2685 1336 2732 v.

244 2767 338 2832 Fast.
352 2768 428 2832 297.
445 2767 645 2850 Apollodor.
662 2769 1027 2853 variantesabula,1r.)
1042 2773 1075 2836 in
1090 2769 1213 2836 ooelum
1228 2777 1337 2833 traus-

244 2869 344 2934 latus.
388 2867 512 2934 Manil.
527 2869 559 2933 l..
576 2869 720 2952 Astron.
741 2869 910 2955 Hyginus,
935 2869 1124 2936 Astronom.
1141 2888 1166 2936 ι.
1186 2870 1221 2935 iu
1249 2867 1337 2934 Ceu·

245 2975 331 3032 taur.
348 2968 488 3051 aliique,
502 2969 536 3033 in
550 2967 710 3036 Aratmis.

287 3068 359 3133 Hic
377 3075 486 3134 autem
506 3070 639 3138 Chiron.
663 3093 682 3136 e
698 3071 842 3140 Gemma
857 3073 998 3151 Gorlaei,
1014 3071 1105 3157 apud
1116 3069 1336 3149 Gronovium,

248 3167 497 3253 Dactyliothec.
513 3186 554 3236 ιι.
574 3169 650 3238 516.
666 3173 800 3239 Gemm.
1292 3177 1295 3180 ’

639 3398 713 3464 IX.
755 3400 944 3467 THETIS.

639 3530 718 3593 Lru.
734 3547 760 3596 r.
783 3531 874 3596 cnr.
890 3532 943 3596 14.
1390 3605 1395 3614 ,

288 3657 461 3724 ‘Achilles
472 3661 565 3726 Pelei
577 3662 785 3742 et'l'hetidis,
796 3683 873 3749 quoe
889 3687 933 3730 ex
943 3665 1089 3730 chirone
1100 3662 1293 3730 dicebatur!

286 3792 445 3868 uncus,
465 3791 543 3856 ann
560 3792 661 3860 Nerei
677 3815 722 3861 οι
737 3798 887 3878 uonna
911 3799 988 3863 urs
1007 3797 1164 3862 chironis
1179 3779 1339 3860 cenam

116 3934 124 3948 ·
245 3891 327 3956 filia.
369 3892 583 3972 Aristoteles,
598 3898 691 3978 apud
708 3897 890 3974 Mumtum,
905 3899 948 3964 ad
969 3899 1093 3964 Catuli.
1107 3899 1161 3962 65.
1175 3898 1248 3962 sive
1263 3895 1340 3960 Pel.

246 3996 279 4056 et
299 3991 398 4056 Thet.
425 3995 679 4075 pulcherrimum
704 3997 907 4082 Epithalam·
951 3998 1053 4063 Hauc
1080 3998 1190 4064 forma
1213 4003 1339 4082 captus

247 4092 673 4178 mancaepammus
697 4117 719 4164 a
745 4099 946 4166 Prometheo
969 4099 1128 4177 monitus,
1140 4100 1191 4163 ita
1210 4116 1286 4164 esse
1301 4098 1338 4163 iu
