2959 4875
671 358 880 407 Arrunurx.

438 869 655 967 OLAUS
706 867 1128 967 BORRICHIUS

353 1312 581 1428 vrnrrs
632 1314 900 1393 nrrrnn
951 1317 1218 1406 nrncurn

554 1574 818 1657 AETATIBUS,
845 1578 935 1645 Pac.
959 1580 1010 1648 12

241 2122 287 2188 In
309 2120 477 2207 Argentea
498 2120 654 2205 Scioppii
670 2125 769 2185 atate
792 2119 953 2185 nonnulla
973 2118 1074 2184 etiem
1091 2117 1329 2184 desiderabunt

240 2225 354 2289 forsan
367 2224 425 2308 qni
440 2242 507 2289 rom
521 2222 682 2289 attentius
696 2220 922 2305 expenderint
945 2220 1068 2304 Dictys
1080 2218 1251 2285 Cretensis
1261 2234 1330 2283 non

240 2331 458 2409 representet
472 2325 607 2406 ¹genium
624 2322 716 2387 illius
739 2321 868 2387 soecuii.
912 2321 1044 2403 Pugnet
1057 2320 1191 2405 quidem
1211 2339 1272 2404 pro
1286 2337 1329 2384 eo

240 2426 450 2494 vehomenter
467 2424 662 2510 Scioppius,
676 2431 710 2491 et
724 2425 859 2491 omnino
872 2422 1010 2503 Velieii,
1024 2422 1154 2490 Valerii
1174 2422 1331 2501 Maximi,

240 2533 298 2592 aut
312 2526 419 2593 Curtii
430 2531 532 2592 eetete
542 2526 586 2592 ab
600 2527 715 2610 aliquo
726 2525 1019 2608 elegantisingenii
1030 2524 1189 2611 ctjudicii
1197 2526 1329 2590 nomine

241 2628 403 2710 scriptum
428 2626 619 2707 arbitratur,
641 2629 743 2711 inque
769 2626 900 2692 Josiam
929 2625 1124 2705 Mereerum,
1148 2633 1330 2710 negantem,

240 2730 372 2806 acerbe,
387 2747 479 2793 more
493 2747 567 2805 suo,
581 2728 752 2794 invehitur.
774 2726 843 2792 Sed
856 2727 1005 2794 Vossius
1016 2727 1188 2793 maturiori
1197 2725 1328 2810 judicio

240 2829 395 2894 neustert
419 2829 610 2913 scriptorem
636 2829 736 2906 huuc,
753 2829 829 2894 Lib.
854 2828 899 2893 do
922 2829 1015 2896 Hist.
1038 2829 1150 2897 Latin.
1164 2831 1199 2895 in
1218 2847 1329 2896 aevurn

239 2928 451 2994 Constantini
466 2929 593 3012 Magni,
607 2935 678 3007 eut,
694 2928 787 3013 quod
809 2928 919 2995 adhuc
934 2931 1146 2996 verisimilius
1166 2936 1279 3014 putot,
1292 2929 1330 2995 in

238 3030 368 3114 aliquot
381 3037 459 3116 post
472 3029 726 3098 Constantinum
742 3030 900 3115 Magnum
915 3039 1046 3097 autes
1070 3030 1161 3110 Quin
1175 3038 1211 3096 et
1223 3030 1327 3129 dictio

238 3133 316 3215 ipsa
328 3131 431 3216 hujus
447 3130 492 3210 Q.
507 3131 662 3216 Septimii
678 3131 839 3210 Romani,
853 3131 929 3218 (qui
944 3133 1072 3217 Dietyn
1087 3132 1329 3198 Graecnmver·

238 3235 322 3298 tisse
336 3229 510 3318 creditur,)
519 3243 699 3318 utcumque
715 3255 781 3300 nou
795 3234 981 3318 inelegans,
996 3235 1097 3300 refert
1108 3240 1218 3300 tamen
1231 3223 1328 3318 saepe

239 3335 355 3400 nescio
369 3335 451 3420 quid
465 3354 645 3420 creperum,
656 3342 690 3402 et
704 3338 776 3403 ouri
791 3338 888 3402 tereti
900 3337 1109 3403 inusitatum.
1142 3334 1231 3414 Quis
1241 3336 1329 3400 onim

240 3442 406 3517 argenteae
418 3438 529 3502 aetatis
537 3438 706 3522 judicabit
719 3440 812 3505 isto'i
832 3443 864 3503 ’1.
878 3438 920 3503 de
934 3439 1035 3504 Bello
1048 3438 1185 3522 Trojan.
1206 3435 1330 3514 ‘Iude,'

239 3535 356 3617 inquit,
378 3536 488 3619 ‘qnod
504 3537 577 3619 jem
598 3536 789 3604 Alexander
812 3539 972 3622 abreptis,
993 3555 1070 3623 quae
1092 3539 1255 3622 cupierat,
1269 3536 1329 3601 ab·

238 3636 442 3702 scossionem
464 3639 679 3720 properabat,
694 3649 821 3724 parvo·
843 3648 992 3724 tempore
1015 3640 1135 3706 meti
1156 3639 1201 3706 ed
1222 3657 1328 3703 naves

239 3735 394 3802 veniunt'
437 3737 547 3802 Penio
562 3745 662 3823 post:
684 3740 818 3825 ‘Atque
840 3742 888 3806 itu
908 3739 1102 3825 sagittatis¹²
1122 3740 1196 3824 jam
1209 3738 1327 3822 praelio

238 3839 390 3906 hostibus
399 3838 564 3906 evadunt!
584 3839 702 3922 Dices,
711 3845 868 3926 sagittare
876 3846 1018 3926 probum
1026 3848 1085 3908 est
1107 3841 1186 3906 Nou
1194 3840 1328 3918 damno,

240 3941 302 4005 sod
322 3946 488 4024 argenteas
511 3942 620 4007 aetatis
644 3961 720 4008 esse
743 3943 829 4008 unde
851 3943 1156 4009 demonstrabitur?
1199 3941 1328 4007 Justiui

241 4040 376 4123 quidem
391 4049 444 4106 est
461 4057 524 4106 ιι.
540 4041 648 4108 Solini
662 4043 717 4108 22.
730 4041 850 4128 Veget.
866 4043 908 4108 de
928 4063 964 4108 ro
983 4043 1087 4108 Milic.
1107 4059 1164 4109 rrr.
1178 4045 1210 4108 9.
1225 4046 1259 4107 et
1273 4042 1326 4108 15.

565 4230 576 4257 ·
593 4199 688 4290 Ιᾏρῐο.
817 4228 829 4262 ⁵
846 4227 877 4279 1..
886 4227 1011 4292 inrigatio.
