<?xml version="1.0" encoding="UTF-8"?>
<!DOCTYPE html PUBLIC "-//W3C//DTD XHTML 1.0 Transitional//EN"
    "http://www.w3.org/TR/xhtml1/DTD/xhtml1-transitional.dtd">
<html xmlns="http://www.w3.org/1999/xhtml" xml:lang="en" lang="en">
 <head>
  <title>
</title>
<meta http-equiv="Content-Type" content="text/html;charset=utf-8" />
  <meta name='ocr-system' content='tesseract 3.04.00' />
  <meta name='ocr-capabilities' content='ocr_page ocr_carea ocr_par ocr_line ocrx_word'/>
</head>
<body>
  <div class='ocr_page' id='page_1' title='image "./dictyscretensis00josegoog/dictyscretensis00josegoog_0327.png"; bbox 0 0 2959 4875; ppageno 0'>
   <div class='ocr_carea' id='block_1_1' title="bbox 487 358 1291 449">
    <p class='ocr_par' dir='ltr' id='par_1_1' title="bbox 487 358 1291 449">
     <span class='ocr_line' id='line_1_1' title="bbox 487 358 1291 449; baseline 0.01 -32"><span class='ocrx_word' id='word_1_1' title='bbox 487 372 535 417; x_wconf 85' lang='lat' dir='ltr'><strong>nn</strong></span> <span class='ocrx_word' id='word_1_2' title='bbox 561 370 689 421; x_wconf 81' lang='lat' dir='ltr'><strong>uxore.</strong></span> <span class='ocrx_word' id='word_1_3' title='bbox 712 370 1013 449; x_wconf 20' lang='lat' dir='ltr'><strong>ruore-ursron.</strong></span> <span class='ocrx_word' id='word_1_4' title='bbox 1225 358 1291 425; x_wconf 73' lang='lat'><strong>299</strong></span> 
     </span>
    </p>
   </div>
   <div class='ocr_carea' id='block_1_2' title="bbox 195 512 1290 2409">
    <p class='ocr_par' dir='ltr' id='par_1_2' title="bbox 195 512 1290 2409">
     <span class='ocr_line' id='line_1_2' title="bbox 204 512 1290 595; baseline 0.001 -19"><span class='ocrx_word' id='word_1_5' title='bbox 204 520 381 593; x_wconf 78' lang='lat' dir='ltr'><strong>rogaverat</strong></span> <span class='ocrx_word' id='word_1_6' title='bbox 403 512 504 589; x_wconf 83' lang='lat' dir='ltr'>misit,</span> <span class='ocrx_word' id='word_1_7' title='bbox 522 515 580 595; x_wconf 91' lang='lat' dir='ltr'><strong>qui</strong></span> <span class='ocrx_word' id='word_1_8' title='bbox 602 532 678 577; x_wconf 88' lang='lat' dir='ltr'><strong>cum</strong></span> <span class='ocrx_word' id='word_1_9' title='bbox 703 513 774 577; x_wconf 89' lang='lat' dir='ltr'><strong>suis</strong></span> <span class='ocrx_word' id='word_1_10' title='bbox 797 513 988 577; x_wconf 87' lang='lat' dir='ltr'><strong>hominibus</strong></span> <span class='ocrx_word' id='word_1_11' title='bbox 1011 532 1087 577; x_wconf 91' lang='lat' dir='ltr'><strong>cum</strong></span> <span class='ocrx_word' id='word_1_12' title='bbox 1112 513 1290 591; x_wconf 82' lang='lat' dir='ltr'><strong>venissent,</strong></span> 
     </span>
     <span class='ocr_line' id='line_1_3' title="bbox 204 612 1290 698; baseline 0.002 -21"><span class='ocrx_word' id='word_1_13' title='bbox 204 612 344 695; x_wconf 87' lang='lat' dir='ltr'><strong>proiecti</strong></span> <span class='ocrx_word' id='word_1_14' title='bbox 365 618 444 676; x_wconf 89' lang='lat' dir='ltr'><strong>sunt</strong></span> <span class='ocrx_word' id='word_1_15' title='bbox 465 614 498 677; x_wconf 94' lang='lat' dir='ltr'><strong>in</strong></span> <span class='ocrx_word' id='word_1_16' title='bbox 524 613 718 698; x_wconf 81' lang='lat' dir='ltr'><strong>Phrygiam:</strong></span> <span class='ocrx_word' id='word_1_17' title='bbox 741 621 776 679; x_wconf 90' lang='lat' dir='ltr'><strong>et</strong></span> <span class='ocrx_word' id='word_1_18' title='bbox 798 614 841 678; x_wconf 92' lang='lat' dir='ltr'><strong>ad</strong></span> <span class='ocrx_word' id='word_1_19' title='bbox 863 614 999 696; x_wconf 76' lang='lat' dir='ltr'><strong>Sigeum</strong></span> <span class='ocrx_word' id='word_1_20' title='bbox 1020 621 1120 678; x_wconf 84' lang='lat' dir='ltr'><strong>noctu</strong></span> <span class='ocrx_word' id='word_1_21' title='bbox 1143 632 1290 679; x_wconf 86' lang='lat' dir='ltr'><strong>aooesse·</strong></span> 
     </span>
     <span class='ocr_line' id='line_1_4' title="bbox 203 712 1290 791; baseline 0.005 -16"><span class='ocrx_word' id='word_1_22' title='bbox 203 720 285 777; x_wconf 87' lang='lat' dir='ltr'><strong>runt.</strong></span> <span class='ocrx_word' id='word_1_23' title='bbox 330 712 413 777; x_wconf 90' lang='lat' dir='ltr'><strong>lude</strong></span> <span class='ocrx_word' id='word_1_24' title='bbox 429 712 602 790; x_wconf 85' lang='lat' dir='ltr'><strong>Hercules,</strong></span> <span class='ocrx_word' id='word_1_25' title='bbox 624 713 797 791; x_wconf 85' lang='lat' dir='ltr'><strong>Telamon,</strong></span> <span class='ocrx_word' id='word_1_26' title='bbox 817 719 851 779; x_wconf 89' lang='lat' dir='ltr'><strong>et</strong></span> <span class='ocrx_word' id='word_1_27' title='bbox 865 714 987 778; x_wconf 81' lang='lat' dir='ltr'>Peleus</span> <span class='ocrx_word' id='word_1_28' title='bbox 1000 716 1184 780; x_wconf 85' lang='lat' dir='ltr'><strong>exereitum</strong></span> <span class='ocrx_word' id='word_1_29' title='bbox 1200 734 1290 781; x_wconf 88' lang='lat' dir='ltr'><strong>ena·</strong></span> 
     </span>
     <span class='ocr_line' id='line_1_5' title="bbox 201 812 1289 899; baseline 0.004 -22"><span class='ocrx_word' id='word_1_30' title='bbox 201 812 301 878; x_wconf 85' lang='lat' dir='ltr'><strong>vibus</strong></span> <span class='ocrx_word' id='word_1_31' title='bbox 315 812 523 879; x_wconf 87' lang='lat' dir='ltr'><strong>eduxerunt:</strong></span> <span class='ocrx_word' id='word_1_32' title='bbox 537 818 595 899; x_wconf 88' lang='lat' dir='ltr'><strong>qni</strong></span> <span class='ocrx_word' id='word_1_33' title='bbox 612 836 687 880; x_wconf 86' lang='lat' dir='ltr'><strong>reru</strong></span> <span class='ocrx_word' id='word_1_34' title='bbox 701 815 861 899; x_wconf 81' lang='lat' dir='ltr'><strong>praesidio</strong></span> <span class='ocrx_word' id='word_1_35' title='bbox 871 822 992 893; x_wconf 77' lang='lat' dir='ltr'><strong>essent,</strong></span> <span class='ocrx_word' id='word_1_36' title='bbox 1008 815 1193 893; x_wconf 75' lang='lat' dir='ltr'><strong>Castorem,</strong></span> <span class='ocrx_word' id='word_1_37' title='bbox 1207 815 1289 881; x_wconf 92' lang='lat' dir='ltr'><strong>Pol-</strong></span> 
     </span>
     <span class='ocr_line' id='line_1_6' title="bbox 201 912 1288 999; baseline 0.005 -22"><span class='ocrx_word' id='word_1_38' title='bbox 201 912 323 991; x_wconf 85' lang='lat' dir='ltr'><strong>lucem,</strong></span> <span class='ocrx_word' id='word_1_39' title='bbox 339 922 371 980; x_wconf 90' lang='lat' dir='ltr'><strong>et</strong></span> <span class='ocrx_word' id='word_1_40' title='bbox 386 914 586 980; x_wconf 62' lang='lat' dir='ltr'><strong>Nestorem?</strong></span> <span class='ocrx_word' id='word_1_41' title='bbox 601 917 816 999; x_wconf 88' lang='lat' dir='ltr'><strong>reliquerunt.</strong></span> <span class='ocrx_word' id='word_1_42' title='bbox 841 917 1036 981; x_wconf 76' lang='lat' dir='ltr'><strong>Laomedon</strong></span> <span class='ocrx_word' id='word_1_43' title='bbox 1050 934 1128 981; x_wconf 88' lang='lat' dir='ltr'><strong>oum</strong></span> <span class='ocrx_word' id='word_1_44' title='bbox 1141 920 1288 999; x_wconf 74' lang='lat' dir='ltr'>equestri</span> 
     </span>
     <span class='ocr_line' id='line_1_7' title="bbox 201 1016 1289 1101; baseline 0.003 -22"><span class='ocrx_word' id='word_1_45' title='bbox 201 1016 300 1099; x_wconf 88' lang='lat' dir='ltr'><strong>copia</strong></span> <span class='ocrx_word' id='word_1_46' title='bbox 313 1016 355 1079; x_wconf 93' lang='lat' dir='ltr'><strong>ad</strong></span> <span class='ocrx_word' id='word_1_47' title='bbox 372 1034 460 1080; x_wconf 89' lang='lat' dir='ltr'><strong>mare</strong></span> <span class='ocrx_word' id='word_1_48' title='bbox 476 1019 576 1095; x_wconf 88' lang='lat' dir='ltr'><strong>venit,</strong></span> <span class='ocrx_word' id='word_1_49' title='bbox 592 1024 626 1080; x_wconf 91' lang='lat' dir='ltr'><strong>et</strong></span> <span class='ocrx_word' id='word_1_50' title='bbox 642 1018 750 1101; x_wconf 87' lang='lat' dir='ltr'><strong>coepit</strong></span> <span class='ocrx_word' id='word_1_51' title='bbox 765 1017 922 1101; x_wconf 80' lang='lat' dir='ltr'><strong>praeliari.</strong></span> <span class='ocrx_word' id='word_1_52' title='bbox 966 1017 1132 1083; x_wconf 81' lang='lat' dir='ltr'><strong>Hercules</strong></span> <span class='ocrx_word' id='word_1_53' title='bbox 1145 1017 1191 1081; x_wconf 84' lang='lat' dir='ltr'><strong>ud</strong></span> <span class='ocrx_word' id='word_1_54' title='bbox 1204 1016 1289 1082; x_wconf 87' lang='lat' dir='ltr'><strong>Tro·</strong></span> 
     </span>
     <span class='ocr_line' id='line_1_8' title="bbox 195 1115 1289 1201; baseline 0.003 -21"><span class='ocrx_word' id='word_1_55' title='bbox 195 1115 267 1199; x_wconf 83' lang='lat' dir='ltr'><strong>jam</strong></span> <span class='ocrx_word' id='word_1_56' title='bbox 281 1116 375 1193; x_wconf 91' lang='lat' dir='ltr'><strong>ierat,</strong></span> <span class='ocrx_word' id='word_1_57' title='bbox 399 1125 436 1181; x_wconf 89' lang='lat' dir='ltr'><strong>et</strong></span> <span class='ocrx_word' id='word_1_58' title='bbox 457 1115 680 1201; x_wconf 78' lang='lat' dir='ltr'><strong>imprudentes</strong></span> <span class='ocrx_word' id='word_1_59' title='bbox 695 1119 753 1200; x_wconf 89' lang='lat' dir='ltr'><strong>qui</strong></span> <span class='ocrx_word' id='word_1_60' title='bbox 778 1126 870 1183; x_wconf 87' lang='lat' dir='ltr'><strong>erunt</strong></span> <span class='ocrx_word' id='word_1_61' title='bbox 889 1118 922 1181; x_wconf 92' lang='lat' dir='ltr'><strong>in</strong></span> <span class='ocrx_word' id='word_1_62' title='bbox 944 1118 1070 1201; x_wconf 93' lang='lat' dir='ltr'><strong>oppido</strong></span> <span class='ocrx_word' id='word_1_63' title='bbox 1097 1136 1289 1201; x_wconf 70' lang='lat' dir='ltr'><strong>oppugnare</strong></span> 
     </span>
     <span class='ocr_line' id='line_1_9' title="bbox 200 1215 1287 1301; baseline 0.002 -21"><span class='ocrx_word' id='word_1_64' title='bbox 200 1217 313 1300; x_wconf 87' lang='lat' dir='ltr'><strong>coepit.</strong></span> <span class='ocrx_word' id='word_1_65' title='bbox 357 1215 458 1297; x_wconf 83' lang='lat' dir='ltr'><strong>Quod</strong></span> <span class='ocrx_word' id='word_1_66' title='bbox 473 1218 530 1282; x_wconf 90' lang='lat' dir='ltr'><strong>ubi</strong></span> <span class='ocrx_word' id='word_1_67' title='bbox 542 1218 760 1282; x_wconf 84' lang='lat' dir='ltr'><strong>Laomedonti</strong></span> <span class='ocrx_word' id='word_1_68' title='bbox 776 1218 845 1301; x_wconf 77' lang='lat' dir='ltr'><strong>regi</strong></span> <span class='ocrx_word' id='word_1_69' title='bbox 856 1220 1040 1283; x_wconf 87' lang='lat' dir='ltr'><strong>nuntiatum</strong></span> <span class='ocrx_word' id='word_1_70' title='bbox 1053 1224 1113 1290; x_wconf 90' lang='lat' dir='ltr'><strong>est,</strong></span> <span class='ocrx_word' id='word_1_71' title='bbox 1123 1218 1287 1301; x_wconf 89' lang='lat' dir='ltr'><strong>oppidum</strong></span> 
     </span>
     <span class='ocr_line' id='line_1_10' title="bbox 199 1318 1287 1401; baseline 0 -20"><span class='ocrx_word' id='word_1_72' title='bbox 199 1318 242 1381; x_wconf 91' lang='lat' dir='ltr'><strong>ab</strong></span> <span class='ocrx_word' id='word_1_73' title='bbox 257 1318 620 1401; x_wconf 77' lang='lat' dir='ltr'><strong>hostibusoppugnari,</strong></span> <span class='ocrx_word' id='word_1_74' title='bbox 637 1318 738 1383; x_wconf 93' lang='lat' dir='ltr'><strong>llinm</strong></span> <span class='ocrx_word' id='word_1_75' title='bbox 754 1320 834 1384; x_wconf 89' lang='lat' dir='ltr'><strong>ilico</strong></span> <span class='ocrx_word' id='word_1_76' title='bbox 848 1320 1042 1383; x_wconf 85' lang='lat' dir='ltr'><strong>revertitur:</strong></span> <span class='ocrx_word' id='word_1_77' title='bbox 1065 1324 1100 1382; x_wconf 90' lang='lat' dir='ltr'><strong>et</strong></span> <span class='ocrx_word' id='word_1_78' title='bbox 1118 1319 1154 1381; x_wconf 92' lang='lat' dir='ltr'><strong>in</strong></span> <span class='ocrx_word' id='word_1_79' title='bbox 1173 1320 1287 1383; x_wconf 87' lang='lat' dir='ltr'><strong>itinere</strong></span> 
     </span>
     <span class='ocr_line' id='line_1_11' title="bbox 200 1418 1288 1501; baseline 0.003 -22"><span class='ocrx_word' id='word_1_80' title='bbox 200 1420 318 1483; x_wconf 86' lang='lat' dir='ltr'><strong>obrius</strong></span> <span class='ocrx_word' id='word_1_81' title='bbox 333 1419 463 1485; x_wconf 80' lang='lat' dir='ltr'><strong>Graecis</strong></span> <span class='ocrx_word' id='word_1_82' title='bbox 478 1420 596 1495; x_wconf 83' lang='lat' dir='ltr'><strong>lactus,</strong></span> <span class='ocrx_word' id='word_1_83' title='bbox 609 1421 652 1485; x_wconf 85' lang='lat' dir='ltr'><strong>ab</strong></span> <span class='ocrx_word' id='word_1_84' title='bbox 670 1420 815 1484; x_wconf 91' lang='lat' dir='ltr'><strong>Hercule</strong></span> <span class='ocrx_word' id='word_1_85' title='bbox 830 1420 1010 1484; x_wconf 80' lang='lat' dir='ltr'><strong>occiditur.¹</strong></span> <span class='ocrx_word' id='word_1_86' title='bbox 1045 1420 1207 1485; x_wconf 76' lang='lat' dir='ltr'><strong>Telamon</strong></span> <span class='ocrx_word' id='word_1_87' title='bbox 1220 1418 1288 1501; x_wconf 91' lang='lat' dir='ltr'><strong>pri·</strong></span> 
     </span>
     <span class='ocr_line' id='line_1_12' title="bbox 199 1518 1288 1603; baseline 0.002 -22"><span class='ocrx_word' id='word_1_88' title='bbox 199 1538 274 1582; x_wconf 91' lang='lat' dir='ltr'><strong>mns</strong></span> <span class='ocrx_word' id='word_1_89' title='bbox 288 1518 471 1603; x_wconf 77' lang='lat' dir='ltr'><strong>oppidumq</strong></span> <span class='ocrx_word' id='word_1_90' title='bbox 483 1518 585 1583; x_wconf 90' lang='lat' dir='ltr'><strong>Ilium</strong></span> <span class='ocrx_word' id='word_1_91' title='bbox 600 1522 756 1585; x_wconf 79' lang='lat' dir='ltr'><strong>intravit:</strong></span> <span class='ocrx_word' id='word_1_92' title='bbox 773 1520 828 1583; x_wconf 88' lang='lat' dir='ltr'><strong>oni</strong></span> <span class='ocrx_word' id='word_1_93' title='bbox 845 1518 1010 1584; x_wconf 89' lang='lat' dir='ltr'><strong>Hercules</strong></span> <span class='ocrx_word' id='word_1_94' title='bbox 1019 1521 1153 1585; x_wconf 76' lang='lat' dir='ltr'><strong>rimntis</strong></span> <span class='ocrx_word' id='word_1_95' title='bbox 1166 1527 1288 1584; x_wconf 75' lang='lat' dir='ltr'><strong>euusa¹</strong></span> 
     </span>
     <span class='ocr_line' id='line_1_13' title="bbox 200 1618 1285 1704; baseline 0.001 -22"><span class='ocrx_word' id='word_1_96' title='bbox 200 1618 384 1685; x_wconf 84' lang='lat' dir='ltr'><strong>Hesionam</strong></span> <span class='ocrx_word' id='word_1_97' title='bbox 407 1620 648 1685; x_wconf 84' lang='lat' dir='ltr'><strong>Laomedontis</strong></span> <span class='ocrx_word' id='word_1_98' title='bbox 669 1622 756 1704; x_wconf 88' lang='lat' dir='ltr'><strong>regis</strong></span> <span class='ocrx_word' id='word_1_99' title='bbox 777 1618 881 1684; x_wconf 87' lang='lat' dir='ltr'><strong>tiliam</strong></span> <span class='ocrx_word' id='word_1_100' title='bbox 895 1621 984 1685; x_wconf 90' lang='lat' dir='ltr'><strong>dono</strong></span> <span class='ocrx_word' id='word_1_101' title='bbox 1001 1622 1103 1685; x_wconf 84' lang='lat' dir='ltr'><strong>dedit.</strong></span> <span class='ocrx_word' id='word_1_102' title='bbox 1145 1620 1285 1683; x_wconf 87' lang='lat' dir='ltr'><strong>Laome·</strong></span> 
     </span>
     <span class='ocr_line' id='line_1_14' title="bbox 198 1719 1286 1805; baseline 0 -22"><span class='ocrx_word' id='word_1_103' title='bbox 198 1719 307 1784; x_wconf 86' lang='lat' dir='ltr'><strong>dentis</strong></span> <span class='ocrx_word' id='word_1_104' title='bbox 320 1721 380 1785; x_wconf 91' lang='lat' dir='ltr'><strong>filii</strong></span> <span class='ocrx_word' id='word_1_105' title='bbox 395 1724 452 1805; x_wconf 88' lang='lat' dir='ltr'><strong>qni</strong></span> <span class='ocrx_word' id='word_1_106' title='bbox 468 1742 543 1787; x_wconf 87' lang='lat' dir='ltr'><strong>cum</strong></span> <span class='ocrx_word' id='word_1_107' title='bbox 558 1741 599 1788; x_wconf 91' lang='lat' dir='ltr'><strong>eo</strong></span> <span class='ocrx_word' id='word_1_108' title='bbox 612 1731 707 1787; x_wconf 87' lang='lat' dir='ltr'><strong>eraut</strong></span> <span class='ocrx_word' id='word_1_109' title='bbox 721 1722 925 1787; x_wconf 86' lang='lat' dir='ltr'><strong>occiduntur.</strong></span> <span class='ocrx_word' id='word_1_110' title='bbox 959 1724 1117 1788; x_wconf 77' lang='lat' dir='ltr'><strong>Priamus</strong></span> <span class='ocrx_word' id='word_1_111' title='bbox 1131 1722 1166 1785; x_wconf 91' lang='lat' dir='ltr'><strong>iu</strong></span> <span class='ocrx_word' id='word_1_112' title='bbox 1180 1719 1286 1803; x_wconf 84' lang='lat' dir='ltr'><strong>Phry·</strong></span> 
     </span>
     <span class='ocr_line' id='line_1_15' title="bbox 197 1809 1285 1908; baseline 0.001 -24"><span class='ocrx_word' id='word_1_113' title='bbox 197 1820 251 1902; x_wconf 78' lang='lat' dir='ltr'><strong>giu</strong></span> <span class='ocrx_word' id='word_1_114' title='bbox 266 1830 358 1900; x_wconf 70' lang='lat' dir='ltr'><strong>erat:</strong></span> <span class='ocrx_word' id='word_1_115' title='bbox 379 1825 436 1887; x_wconf 90' lang='lat' dir='ltr'><strong>ubi</strong></span> <span class='ocrx_word' id='word_1_116' title='bbox 452 1842 523 1887; x_wconf 92' lang='lat' dir='ltr'><strong>eum</strong></span> <span class='ocrx_word' id='word_1_117' title='bbox 540 1824 732 1889; x_wconf 89' lang='lat' dir='ltr'><strong>Laomedon</strong></span> <span class='ocrx_word' id='word_1_118' title='bbox 748 1824 822 1908; x_wconf 81' lang='lat' dir='ltr'><strong>ejus</strong></span> <span class='ocrx_word' id='word_1_119' title='bbox 843 1832 941 1907; x_wconf 90' lang='lat' dir='ltr'><strong>pater</strong></span> <span class='ocrx_word' id='word_1_120' title='bbox 953 1824 1112 1888; x_wconf 86' lang='lat' dir='ltr'><strong>exercitui</strong></span> <span class='ocrx_word' id='word_1_121' title='bbox 1127 1809 1285 1905; x_wconf 73' lang='lat' dir='ltr'><strong>proiece-</strong></span> 
     </span>
     <span class='ocr_line' id='line_1_16' title="bbox 197 1922 1284 2009; baseline 0.003 -26"><span class='ocrx_word' id='word_1_122' title='bbox 197 1928 256 1984; x_wconf 88' lang='lat' dir='ltr'><strong>rat.</strong></span> <span class='ocrx_word' id='word_1_123' title='bbox 302 1922 466 1989; x_wconf 89' lang='lat' dir='ltr'><strong>Hercules</strong></span> <span class='ocrx_word' id='word_1_124' title='bbox 486 1932 521 1990; x_wconf 91' lang='lat' dir='ltr'><strong>et</strong></span> <span class='ocrx_word' id='word_1_125' title='bbox 536 1928 592 2009; x_wconf 91' lang='lat' dir='ltr'><strong>qni</strong></span> <span class='ocrx_word' id='word_1_126' title='bbox 615 1946 691 1991; x_wconf 89' lang='lat' dir='ltr'><strong>cum</strong></span> <span class='ocrx_word' id='word_1_127' title='bbox 715 1944 755 1989; x_wconf 91' lang='lat' dir='ltr'><strong>eo</strong></span> <span class='ocrx_word' id='word_1_128' title='bbox 781 1930 936 1990; x_wconf 88' lang='lat' dir='ltr'><strong>venerant</strong></span> <span class='ocrx_word' id='word_1_129' title='bbox 958 1926 1106 2007; x_wconf 81' lang='lat' dir='ltr'><strong>praedum</strong></span> <span class='ocrx_word' id='word_1_130' title='bbox 1130 1939 1284 2004; x_wconf 78' lang='lat' dir='ltr'><strong>maguam</strong></span> 
     </span>
     <span class='ocr_line' id='line_1_17' title="bbox 196 2020 1284 2111; baseline 0.001 -27"><span class='ocrx_word' id='word_1_131' title='bbox 196 2020 356 2102; x_wconf 77' lang='lat' dir='ltr'><strong>lecerunt,</strong></span> <span class='ocrx_word' id='word_1_132' title='bbox 377 2034 413 2089; x_wconf 91' lang='lat' dir='ltr'><strong>et</strong></span> <span class='ocrx_word' id='word_1_133' title='bbox 436 2027 479 2090; x_wconf 89' lang='lat' dir='ltr'><strong>ed</strong></span> <span class='ocrx_word' id='word_1_134' title='bbox 505 2046 609 2092; x_wconf 85' lang='lat' dir='ltr'><strong>naves</strong></span> <span class='ocrx_word' id='word_1_135' title='bbox 624 2027 892 2111; x_wconf 82' lang='lat' dir='ltr'><strong>deportaverunt.</strong></span> <span class='ocrx_word' id='word_1_136' title='bbox 936 2025 1019 2090; x_wconf 88' lang='lat' dir='ltr'><strong>lude</strong></span> <span class='ocrx_word' id='word_1_137' title='bbox 1034 2025 1169 2090; x_wconf 88' lang='lat' dir='ltr'><strong>domum</strong></span> <span class='ocrx_word' id='word_1_138' title='bbox 1184 2022 1284 2106; x_wconf 89' lang='lat' dir='ltr'><strong>proli·</strong></span> 
     </span>
     <span class='ocr_line' id='line_1_18' title="bbox 197 2122 1283 2211; baseline 0.006 -28"><span class='ocrx_word' id='word_1_139' title='bbox 197 2122 279 2187; x_wconf 88' lang='lat' dir='ltr'><strong>oisci</strong></span> <span class='ocrx_word' id='word_1_140' title='bbox 293 2123 515 2191; x_wconf 87' lang='lat' dir='ltr'><strong>decreverunt.</strong></span> <span class='ocrx_word' id='word_1_141' title='bbox 543 2126 604 2211; x_wconf 81' lang='grc'>[4.]</span> <span class='ocrx_word' id='word_1_142' title='bbox 617 2128 779 2192; x_wconf 84' lang='lat' dir='ltr'><strong>Telamon</strong></span> <span class='ocrx_word' id='word_1_143' title='bbox 791 2128 978 2191; x_wconf 89' lang='lat' dir='ltr'><strong>Hesionam</strong></span> <span class='ocrx_word' id='word_1_144' title='bbox 992 2146 1108 2192; x_wconf 84' lang='lat' dir='ltr'><strong>secum</strong></span> <span class='ocrx_word' id='word_1_145' title='bbox 1117 2124 1283 2190; x_wconf 77' lang='lat' dir='ltr'><strong>convexit</strong></span> 
     </span>
     <span class='ocr_line' id='line_1_19' title="bbox 198 2222 1284 2311; baseline 0.002 -25"><span class='ocrx_word' id='word_1_146' title='bbox 198 2222 276 2287; x_wconf 89' lang='lat' dir='ltr'><strong>Hoc</strong></span> <span class='ocrx_word' id='word_1_147' title='bbox 291 2226 349 2289; x_wconf 91' lang='lat' dir='ltr'><strong>ubi</strong></span> <span class='ocrx_word' id='word_1_148' title='bbox 365 2225 496 2291; x_wconf 90' lang='lat' dir='ltr'><strong>Priamo</strong></span> <span class='ocrx_word' id='word_1_149' title='bbox 518 2230 705 2293; x_wconf 88' lang='lat' dir='ltr'><strong>nuntiatum</strong></span> <span class='ocrx_word' id='word_1_150' title='bbox 722 2236 787 2305; x_wconf 89' lang='lat' dir='ltr'><strong>est,</strong></span> <span class='ocrx_word' id='word_1_151' title='bbox 807 2238 935 2311; x_wconf 83' lang='lat' dir='ltr'><strong>patrem</strong></span> <span class='ocrx_word' id='word_1_152' title='bbox 951 2229 1112 2303; x_wconf 89' lang='lat' dir='ltr'><strong>occisum,</strong></span> <span class='ocrx_word' id='word_1_153' title='bbox 1128 2228 1220 2290; x_wconf 81' lang='lat' dir='ltr'><strong>ciues</strong></span> <span class='ocrx_word' id='word_1_154' title='bbox 1233 2224 1284 2288; x_wconf 91' lang='lat' dir='ltr'><strong>di·</strong></span> 
     </span>
     <span class='ocr_line' id='line_1_20' title="bbox 196 2325 1282 2409; baseline 0.004 -23"><span class='ocrx_word' id='word_1_155' title='bbox 196 2332 319 2407; x_wconf 87' lang='lat' dir='ltr'><strong>reptos,</strong></span> <span class='ocrx_word' id='word_1_156' title='bbox 333 2326 478 2409; x_wconf 69' lang='lat' dir='ltr'><strong>praedam</strong></span> <span class='ocrx_word' id='word_1_157' title='bbox 494 2336 654 2406; x_wconf 84' lang='lat' dir='ltr'><strong>avectam,</strong></span> <span class='ocrx_word' id='word_1_158' title='bbox 677 2328 862 2394; x_wconf 84' lang='lat' dir='ltr'><strong>Hesionam</strong></span> <span class='ocrx_word' id='word_1_159' title='bbox 885 2347 1029 2391; x_wconf 89' lang='lat' dir='ltr'><strong>sororem</strong></span> <span class='ocrx_word' id='word_1_160' title='bbox 1051 2328 1137 2391; x_wconf 91' lang='lat' dir='ltr'><strong>dono</strong></span> <span class='ocrx_word' id='word_1_161' title='bbox 1158 2325 1282 2401; x_wconf 71' lang='lat' dir='ltr'><strong>datam</strong></span> 
     </span>
    </p>
   </div>
   <div class='ocr_carea' id='block_1_3' title="bbox 684 2566 793 2616">
    <p class='ocr_par' dir='ltr' id='par_1_3' title="bbox 684 2566 793 2616">
     <span class='ocr_line' id='line_1_21' title="bbox 684 2566 793 2616; baseline 0 0"><span class='ocrx_word' id='word_1_162' title='bbox 684 2566 793 2616; x_wconf 78' lang='lat' dir='ltr'><strong>NOTAE</strong></span> 
     </span>
    </p>
   </div>
   <div class='ocr_carea' id='block_1_4' title="bbox 191 2689 1285 3666">
    <p class='ocr_par' dir='ltr' id='par_1_4' title="bbox 195 2689 1284 2902">
     <span class='ocr_line' id='line_1_22' title="bbox 228 2689 1282 2757; baseline 0.001 -18"><span class='ocrx_word' id='word_1_163' title='bbox 228 2696 240 2730; x_wconf 72' lang='grc' dir='ltr'><strong><em>Ρ</em></strong></span> <span class='ocrx_word' id='word_1_164' title='bbox 258 2691 386 2753; x_wconf 76' lang='lat' dir='ltr'><strong>Castorem,</strong></span> <span class='ocrx_word' id='word_1_165' title='bbox 404 2691 532 2754; x_wconf 79' lang='lat' dir='ltr'><strong>Pollucem,</strong></span> <span class='ocrx_word' id='word_1_166' title='bbox 545 2697 568 2742; x_wconf 84' lang='lat' dir='ltr'><strong>et</strong></span> <span class='ocrx_word' id='word_1_167' title='bbox 584 2693 720 2757; x_wconf 81' lang='lat' dir='ltr'><strong>Nestoreos]</strong></span> <span class='ocrx_word' id='word_1_168' title='bbox 761 2700 881 2744; x_wconf 83' lang='lat' dir='ltr'><strong>suctores</strong></span> <span class='ocrx_word' id='word_1_169' title='bbox 901 2701 1020 2742; x_wconf 69' lang='lat' dir='ltr'><strong>martas:</strong></span> <span class='ocrx_word' id='word_1_170' title='bbox 1045 2704 1104 2740; x_wconf 80' lang='lat' dir='ltr'><strong>narn</strong></span> <span class='ocrx_word' id='word_1_171' title='bbox 1120 2689 1163 2739; x_wconf 81' lang='lat' dir='ltr'><strong>elii</strong></span> <span class='ocrx_word' id='word_1_172' title='bbox 1179 2703 1237 2738; x_wconf 87' lang='lat' dir='ltr'><strong>eum</strong></span> <span class='ocrx_word' id='word_1_173' title='bbox 1249 2690 1282 2740; x_wconf 83' lang='lat' dir='ltr'><strong>sb</strong></span> 
     </span>
     <span class='ocr_line' id='line_1_23' title="bbox 197 2765 1283 2832; baseline 0 -18"><span class='ocrx_word' id='word_1_174' title='bbox 197 2765 344 2828; x_wconf 78' lang='lat' dir='ltr'><strong>Apollodor.</strong></span> <span class='ocrx_word' id='word_1_175' title='bbox 367 2768 457 2817; x_wconf 79' lang='lat' dir='ltr'><strong>scribit</strong></span> <span class='ocrx_word' id='word_1_176' title='bbox 480 2768 582 2818; x_wconf 88' lang='lat' dir='ltr'><strong>Oiclem</strong></span> <span class='ocrx_word' id='word_1_177' title='bbox 603 2769 720 2819; x_wconf 87' lang='lat' dir='ltr'><strong>relictum</strong></span> <span class='ocrx_word' id='word_1_178' title='bbox 760 2769 873 2818; x_wconf 84' lang='lat' dir='ltr'><strong>Hercule</strong></span> <span class='ocrx_word' id='word_1_179' title='bbox 885 2768 1015 2832; x_wconf 79' lang='lat' dir='ltr'><strong>captivom</strong></span> <span class='ocrx_word' id='word_1_180' title='bbox 1027 2765 1123 2815; x_wconf 77' lang='lat' dir='ltr'><strong>fectum</strong></span> <span class='ocrx_word' id='word_1_181' title='bbox 1138 2772 1244 2814; x_wconf 78' lang='lat' dir='ltr'><strong>narrent</strong></span> <span class='ocrx_word' id='word_1_182' title='bbox 1254 2773 1283 2814; x_wconf 90' lang='lat' dir='ltr'><strong>et</strong></span> 
     </span>
     <span class='ocr_line' id='line_1_24' title="bbox 195 2838 1284 2902; baseline 0 -14"><span class='ocrx_word' id='word_1_183' title='bbox 195 2839 285 2897; x_wconf 83' lang='lat' dir='ltr'><strong>inisse,</strong></span> <span class='ocrx_word' id='word_1_184' title='bbox 297 2849 324 2890; x_wconf 90' lang='lat' dir='ltr'><strong>ut</strong></span> <span class='ocrx_word' id='word_1_185' title='bbox 334 2855 411 2892; x_wconf 82' lang='lat' dir='ltr'><strong>nares</strong></span> <span class='ocrx_word' id='word_1_186' title='bbox 425 2849 562 2893; x_wconf 79' lang='lat' dir='ltr'><strong>tutaretur.</strong></span> <span class='ocrx_word' id='word_1_187' title='bbox 759 2842 793 2892; x_wconf 83' lang='lat' dir='ltr'><strong>sb</strong></span> <span class='ocrx_word' id='word_1_188' title='bbox 805 2840 919 2893; x_wconf 82' lang='lat' dir='ltr'><strong>Hesione</strong></span> <span class='ocrx_word' id='word_1_189' title='bbox 930 2855 1016 2892; x_wconf 85' lang='lat' dir='ltr'><strong>sorore</strong></span> <span class='ocrx_word' id='word_1_190' title='bbox 1029 2839 1171 2890; x_wconf 75' lang='lat' dir='ltr'><strong>liberatum.</strong></span> <span class='ocrx_word' id='word_1_191' title='bbox 1204 2838 1284 2902; x_wconf 78' lang='lat' dir='ltr'><strong>Apol·</strong></span> 
     </span>
    </p>

    <p class='ocr_par' dir='ltr' id='par_1_5' title="bbox 191 2916 1285 3666">
     <span class='ocr_line' id='line_1_25' title="bbox 226 2916 1283 2985; baseline 0 -20"><span class='ocrx_word' id='word_1_192' title='bbox 226 2923 238 2957; x_wconf 76' lang='lat'><strong>‘¹</strong></span> <span class='ocrx_word' id='word_1_193' title='bbox 248 2916 356 2966; x_wconf 75' lang='lat' dir='ltr'><strong>Telonos</strong></span> <span class='ocrx_word' id='word_1_194' title='bbox 363 2917 577 2982; x_wconf 75' lang='lat' dir='ltr'><strong>primoppidros,</strong></span> <span class='ocrx_word' id='word_1_195' title='bbox 584 2921 636 2985; x_wconf 65' lang='lat' dir='ltr'><strong>tu]</strong></span> <span class='ocrx_word' id='word_1_196' title='bbox 645 2919 719 2970; x_wconf 90' lang='lat' dir='ltr'><strong>ldem</strong></span> <span class='ocrx_word' id='word_1_197' title='bbox 758 2918 840 2969; x_wconf 86' lang='lat' dir='ltr'><strong>ledor.</strong></span> <span class='ocrx_word' id='word_1_198' title='bbox 850 2932 882 2968; x_wconf 89' lang='lat' dir='ltr'><strong>rr.</strong></span> <span class='ocrx_word' id='word_1_199' title='bbox 914 2919 1038 2981; x_wconf 79' lang='lat' dir='ltr'><strong>Suspicor</strong></span> <span class='ocrx_word' id='word_1_200' title='bbox 1047 2917 1097 2966; x_wconf 85' lang='lat' dir='ltr'><strong>lroe</strong></span> <span class='ocrx_word' id='word_1_201' title='bbox 1106 2916 1219 2965; x_wconf 81' lang='lat' dir='ltr'><strong>bsuslsse</strong></span> <span class='ocrx_word' id='word_1_202' title='bbox 1229 2916 1283 2965; x_wconf 83' lang='lat' dir='ltr'><strong>Ds-</strong></span> 
     </span>
     <span class='ocr_line' id='line_1_26' title="bbox 194 2990 1283 3060; baseline 0 -20"><span class='ocrx_word' id='word_1_203' title='bbox 194 2990 373 3055; x_wconf 78' lang='lat' dir='ltr'><strong>Apollodoros,</strong></span> <span class='ocrx_word' id='word_1_204' title='bbox 382 3005 413 3042; x_wconf 88' lang='lat' dir='ltr'><strong>rr.</strong></span> <span class='ocrx_word' id='word_1_205' title='bbox 425 2992 557 3059; x_wconf 77' lang='lat' dir='ltr'><strong>additque,</strong></span> <span class='ocrx_word' id='word_1_206' title='bbox 565 2994 591 3043; x_wconf 91' lang='lat' dir='ltr'><strong>ld</strong></span> <span class='ocrx_word' id='word_1_207' title='bbox 604 3011 673 3060; x_wconf 71' lang='lat' dir='ltr'><strong>segre</strong></span> <span class='ocrx_word' id='word_1_208' title='bbox 682 2995 719 3046; x_wconf 80' lang='lat' dir='ltr'><strong>la·</strong></span> <span class='ocrx_word' id='word_1_209' title='bbox 760 3002 842 3044; x_wconf 84' lang='lat' dir='ltr'><strong>retem</strong></span> <span class='ocrx_word' id='word_1_210' title='bbox 853 3009 887 3043; x_wconf 81' lang='lat' dir='ltr'><strong>ex</strong></span> <span class='ocrx_word' id='word_1_211' title='bbox 897 2993 975 3043; x_wconf 86' lang='lat' dir='ltr'><strong>Hom·</strong></span> <span class='ocrx_word' id='word_1_212' title='bbox 986 2992 1018 3041; x_wconf 92' lang='lat' dir='ltr'><strong>ll.</strong></span> <span class='ocrx_word' id='word_1_213' title='bbox 1029 2997 1054 3042; x_wconf 83' lang='lat' dir='ltr'><strong>r.</strong></span> <span class='ocrx_word' id='word_1_214' title='bbox 1065 2990 1108 3040; x_wconf 86' lang='lat' dir='ltr'><strong>ubi</strong></span> <span class='ocrx_word' id='word_1_215' title='bbox 1119 2991 1234 3041; x_wconf 78' lang='lat' dir='ltr'><strong>Priamus</strong></span> <span class='ocrx_word' id='word_1_216' title='bbox 1244 2991 1283 3040; x_wconf 88' lang='lat' dir='ltr'><strong>dl·</strong></span> 
     </span>
     <span class='ocr_line' id='line_1_27' title="bbox 193 3067 1282 3132; baseline 0.001 -18"><span class='ocrx_word' id='word_1_217' title='bbox 193 3075 291 3116; x_wconf 87' lang='lat' dir='ltr'><strong>rentem</strong></span> <span class='ocrx_word' id='word_1_218' title='bbox 312 3069 451 3118; x_wconf 87' lang='lat' dir='ltr'><strong>Herculem</strong></span> <span class='ocrx_word' id='word_1_219' title='bbox 470 3070 586 3120; x_wconf 83' lang='lat' dir='ltr'><strong>rectnd</strong></span> <span class='ocrx_word' id='word_1_220' title='bbox 604 3071 719 3122; x_wconf 81' lang='lat' dir='ltr'><strong>Telemo·</strong></span> <span class='ocrx_word' id='word_1_221' title='bbox 759 3069 912 3131; x_wconf 86' lang='lat' dir='ltr'><strong>cit,seolim</strong></span> <span class='ocrx_word' id='word_1_222' title='bbox 927 3069 953 3117; x_wconf 88' lang='lat' dir='ltr'><strong>in</strong></span> <span class='ocrx_word' id='word_1_223' title='bbox 970 3067 1083 3132; x_wconf 68' lang='lat' dir='ltr'><strong>Phrygis</strong></span> <span class='ocrx_word' id='word_1_224' title='bbox 1098 3075 1190 3116; x_wconf 79' lang='lat' dir='ltr'><strong>contro</strong></span> <span class='ocrx_word' id='word_1_225' title='bbox 1207 3067 1282 3116; x_wconf 75' lang='lat' dir='ltr'><strong>Ama·</strong></span> 
     </span>
     <span class='ocr_line' id='line_1_28' title="bbox 193 3143 1281 3211; baseline -0.002 -19"><span class='ocrx_word' id='word_1_226' title='bbox 193 3157 250 3192; x_wconf 88' lang='lat' dir='ltr'><strong>nem</strong></span> <span class='ocrx_word' id='word_1_227' title='bbox 267 3144 353 3206; x_wconf 77' lang='lat' dir='ltr'><strong>ivisse,</strong></span> <span class='ocrx_word' id='word_1_228' title='bbox 365 3152 393 3194; x_wconf 90' lang='lat' dir='ltr'><strong>ut</strong></span> <span class='ocrx_word' id='word_1_229' title='bbox 410 3157 468 3193; x_wconf 87' lang='lat' dir='ltr'><strong>eum</strong></span> <span class='ocrx_word' id='word_1_230' title='bbox 480 3146 629 3207; x_wconf 69' lang='lat' dir='ltr'><strong>occideret,</strong></span> <span class='ocrx_word' id='word_1_231' title='bbox 651 3146 718 3211; x_wconf 89' lang='lat' dir='ltr'><strong>qood</strong></span> <span class='ocrx_word' id='word_1_232' title='bbox 756 3153 834 3194; x_wconf 64' lang='lat' dir='ltr'><strong>monas</strong></span> <span class='ocrx_word' id='word_1_233' title='bbox 856 3159 997 3208; x_wconf 71' lang='lat' dir='ltr'><strong>pugnasse:</strong></span> <span class='ocrx_word' id='word_1_234' title='bbox 1024 3143 1081 3206; x_wconf 83' lang='lat' dir='ltr'><strong>ejus</strong></span> <span class='ocrx_word' id='word_1_235' title='bbox 1101 3143 1180 3192; x_wconf 80' lang='lat' dir='ltr'><strong>verbs</strong></span> <span class='ocrx_word' id='word_1_236' title='bbox 1201 3149 1281 3191; x_wconf 87' lang='lat' dir='ltr'><strong>sunt:</strong></span> 
     </span>
     <span class='ocr_line' id='line_1_29' title="bbox 193 3215 1283 3285; baseline 0.009 -17"><span class='ocrx_word' id='word_1_237' title='bbox 193 3233 249 3268; x_wconf 88' lang='lat' dir='ltr'><strong>cum</strong></span> <span class='ocrx_word' id='word_1_238' title='bbox 261 3220 383 3269; x_wconf 81' lang='lat' dir='ltr'><strong>Telemus</strong></span> <span class='ocrx_word' id='word_1_239' title='bbox 396 3220 630 3277; x_wconf 78' lang='lat' dir='ltr'><strong>animadvertisset,</strong></span> <span class='ocrx_word' id='word_1_240' title='bbox 643 3235 717 3285; x_wconf 80' lang='lat' dir='ltr'><strong>prox·</strong></span> <span class='ocrx_word' id='word_1_241' title='bbox 754 3217 1100 3283; x_wconf 57' lang='lat' dir='ltr'><strong>&#39;lidorultmlmlffllllffl</strong></span> <span class='ocrx_word' id='word_1_242' title='bbox 1106 3215 1283 3278; x_wconf 62' lang='grc' dir='ltr'>ᾸΜΜΜ,</span> 
     </span>
     <span class='ocr_line' id='line_1_30' title="bbox 192 3291 1281 3361; baseline -0.004 -17"><span class='ocrx_word' id='word_1_243' title='bbox 192 3297 256 3344; x_wconf 86' lang='lat' dir='ltr'><strong>lmus</strong></span> <span class='ocrx_word' id='word_1_244' title='bbox 265 3309 378 3360; x_wconf 81' lang='lat' dir='ltr'><strong>quosque</strong></span> <span class='ocrx_word' id='word_1_245' title='bbox 388 3295 486 3358; x_wconf 84' lang='lat' dir='ltr'><strong>lapides</strong></span> <span class='ocrx_word' id='word_1_246' title='bbox 496 3298 617 3361; x_wconf 71' lang='lat' dir='ltr'><strong>colligere</strong></span> <span class='ocrx_word' id='word_1_247' title='bbox 629 3311 717 3360; x_wconf 74' lang='lat' dir='ltr'><strong>sggre·</strong></span> <span class='ocrx_word' id='word_1_248' title='bbox 753 3296 826 3345; x_wconf 73' lang='grc' dir='ltr'><strong>Ἔνθα</strong></span> <span class='ocrx_word' id='word_1_249' title='bbox 834 3296 886 3345; x_wconf 62' lang='grc' dir='ltr'><strong>που</strong></span> <span class='ocrx_word' id='word_1_250' title='bbox 894 3291 1129 3356; x_wconf 56' lang='lat' dir='ltr'><strong>rotumum,</strong></span> <span class='ocrx_word' id='word_1_251' title='bbox 1140 3291 1223 3354; x_wconf 66' lang='lat' dir='ltr'><strong>bione</strong></span> <span class='ocrx_word' id='word_1_252' title='bbox 1234 3292 1281 3341; x_wconf 80' lang='lat' dir='ltr'><strong>oio-</strong></span> 
     </span>
     <span class='ocr_line' id='line_1_31' title="bbox 192 3369 1283 3434; baseline 0.001 -16"><span class='ocrx_word' id='word_1_253' title='bbox 192 3369 270 3428; x_wconf 89' lang='lat' dir='ltr'><strong>ditur,</strong></span> <span class='ocrx_word' id='word_1_254' title='bbox 297 3369 456 3433; x_wconf 83' lang='lat' dir='ltr'><strong>Herculique</strong></span> <span class='ocrx_word' id='word_1_255' title='bbox 484 3370 604 3434; x_wconf 78' lang='lat' dir='ltr'><strong>quidnam</strong></span> <span class='ocrx_word' id='word_1_256' title='bbox 629 3379 716 3434; x_wconf 69' lang='lat' dir='ltr'><strong>egeret</strong></span> <span class='ocrx_word' id='word_1_257' title='bbox 756 3371 973 3434; x_wconf 54' lang='lat' dir='ltr'><strong>metuendum</strong></span> <span class='ocrx_word' id='word_1_258' title='bbox 987 3371 1088 3434; x_wconf 77' lang='lat' dir='ltr'><strong>&#39;Orpiros</strong></span> <span class='ocrx_word' id='word_1_259' title='bbox 1103 3370 1142 3419; x_wconf 75' lang='lat' dir='ltr'><strong>eoi</strong></span> <span class='ocrx_word' id='word_1_260' title='bbox 1159 3369 1283 3433; x_wconf 57' lang='lat' dir='ltr'><strong>lli-moos</strong></span> 
     </span>
     <span class='ocr_line' id='line_1_32' title="bbox 192 3443 1285 3510; baseline 0.001 -16"><span class='ocrx_word' id='word_1_261' title='bbox 192 3445 371 3507; x_wconf 75' lang='lat' dir='ltr'><strong>percunctanti</strong></span> <span class='ocrx_word' id='word_1_262' title='bbox 391 3445 533 3508; x_wconf 84' lang='lat' dir='ltr'><strong>respondit,</strong></span> <span class='ocrx_word' id='word_1_263' title='bbox 549 3461 577 3496; x_wconf 91' lang='lat' dir='ltr'><strong>se</strong></span> <span class='ocrx_word' id='word_1_264' title='bbox 591 3460 660 3496; x_wconf 82' lang='lat' dir='ltr'><strong>arem</strong></span> <span class='ocrx_word' id='word_1_265' title='bbox 673 3463 716 3496; x_wconf 81' lang='lat' dir='ltr'><strong>ex·</strong></span> <span class='ocrx_word' id='word_1_266' title='bbox 756 3446 879 3508; x_wconf 62' lang='lat' dir='ltr'><strong>insumo,</strong></span> <span class='ocrx_word' id='word_1_267' title='bbox 894 3445 927 3495; x_wconf 80' lang='lat' dir='ltr'><strong>ol</strong></span> <span class='ocrx_word' id='word_1_268' title='bbox 940 3447 970 3508; x_wconf 77' lang='lat' dir='ltr'><strong>lo</strong></span> <span class='ocrx_word' id='word_1_269' title='bbox 981 3443 1032 3496; x_wconf 76' lang='lat' dir='ltr'><strong>rdr&#39;</strong></span> <span class='ocrx_word' id='word_1_270' title='bbox 1051 3445 1212 3509; x_wconf 59' lang='lat' dir='ltr'><strong>onmem</strong></span> <span class='ocrx_word' id='word_1_271' title='bbox 1229 3461 1285 3510; x_wconf 70' lang='lat' dir='ltr'><strong>top·</strong></span> 
     </span>
     <span class='ocr_line' id='line_1_33' title="bbox 191 3519 1282 3588; baseline 0.006 -20"><span class='ocrx_word' id='word_1_272' title='bbox 191 3520 273 3569; x_wconf 84' lang='lat' dir='ltr'><strong>citare</strong></span> <span class='ocrx_word' id='word_1_273' title='bbox 284 3521 393 3570; x_wconf 84' lang='lat' dir='ltr'><strong>Herculi</strong></span> <span class='ocrx_word' id='word_1_274' title='bbox 404 3519 549 3584; x_wconf 70' lang='lat' dir='ltr'><strong>Koatolorp,</strong></span> <span class='ocrx_word' id='word_1_275' title='bbox 561 3520 588 3570; x_wconf 91' lang='lat' dir='ltr'><strong>id</strong></span> <span class='ocrx_word' id='word_1_276' title='bbox 599 3529 648 3584; x_wconf 88' lang='lat' dir='ltr'><strong>est,</strong></span> <span class='ocrx_word' id='word_1_277' title='bbox 661 3521 715 3586; x_wconf 90' lang='lat' dir='ltr'><strong>pul·</strong></span> <span class='ocrx_word' id='word_1_278' title='bbox 756 3523 827 3584; x_wconf 68' lang='grc' dir='ltr'><strong>ὄχθαι</strong></span> <span class='ocrx_word' id='word_1_279' title='bbox 838 3524 991 3588; x_wconf 61' lang='lat' dir='ltr'><strong>surruptum,</strong></span> <span class='ocrx_word' id='word_1_280' title='bbox 1001 3521 1047 3572; x_wconf 73' lang='lat' dir='ltr'><strong>soi</strong></span> <span class='ocrx_word' id='word_1_281' title='bbox 1060 3523 1109 3586; x_wconf 65' lang='lat' dir='ltr'><strong>*yde</strong></span> <span class='ocrx_word' id='word_1_282' title='bbox 1119 3523 1181 3586; x_wconf 64' lang='lat' dir='ltr'><strong>iper</strong></span> <span class='ocrx_word' id='word_1_283' title='bbox 1190 3523 1282 3575; x_wconf 65' lang='lat' dir='ltr'><strong>hisso·</strong></span> 
     </span>
     <span class='ocr_line' id='line_1_34' title="bbox 191 3596 1282 3666; baseline 0.006 -22"><span class='ocrx_word' id='word_1_284' title='bbox 191 3597 254 3646; x_wconf 83' lang='lat' dir='ltr'><strong>tlrro</strong></span> <span class='ocrx_word' id='word_1_285' title='bbox 266 3596 365 3646; x_wconf 83' lang='lat' dir='ltr'><strong>victori.</strong></span> <span class='ocrx_word' id='word_1_286' title='bbox 755 3601 1001 3665; x_wconf 62' lang='lat' dir='ltr'><strong>pertranseam</strong></span> <span class='ocrx_word' id='word_1_287' title='bbox 1011 3599 1223 3665; x_wconf 54' lang='lat' dir='ltr'><strong>Mmffliporr</strong></span> <span class='ocrx_word' id='word_1_288' title='bbox 1237 3605 1282 3666; x_wconf 68' lang='grc' dir='ltr'><strong>τᾷ,</strong></span> 
     </span>
    </p>
   </div>
   <div class='ocr_carea' id='block_1_5' title="bbox 224 3673 1377 3741">
    <p class='ocr_par' dir='ltr' id='par_1_6' title="bbox 224 3673 1377 3741">
     <span class='ocr_line' id='line_1_35' title="bbox 224 3673 1377 3741; baseline 0.006 -20"><span class='ocrx_word' id='word_1_289' title='bbox 224 3673 297 3722; x_wconf 71' lang='lat' dir='ltr'><strong>&#39;cst</strong></span> <span class='ocrx_word' id='word_1_290' title='bbox 308 3673 423 3722; x_wconf 84' lang='lat' dir='ltr'><strong>Hercules</strong></span> <span class='ocrx_word' id='word_1_291' title='bbox 433 3673 530 3723; x_wconf 77' lang='lat' dir='ltr'><strong>uirtutis</strong></span> <span class='ocrx_word' id='word_1_292' title='bbox 538 3674 620 3738; x_wconf 76' lang='lat' dir='ltr'><strong>conso]</strong></span> <span class='ocrx_word' id='word_1_293' title='bbox 638 3675 717 3738; x_wconf 78' lang='lat' dir='ltr'><strong>Apol·</strong></span> <span class='ocrx_word' id='word_1_294' title='bbox 758 3677 799 3726; x_wconf 73' lang='lat' dir='ltr'><strong>tro</strong></span> <span class='ocrx_word' id='word_1_295' title='bbox 809 3675 882 3735; x_wconf 68' lang='lat' dir='ltr'><strong>istor</strong></span> <span class='ocrx_word' id='word_1_296' title='bbox 890 3676 1018 3739; x_wconf 70' lang='grc' dir='ltr'><strong>Ἀμαζόνες</strong></span> <span class='ocrx_word' id='word_1_297' title='bbox 1027 3675 1176 3741; x_wconf 64' lang='grc' dir='ltr'><strong>ἂπώιιριι.</strong></span> <span class='ocrx_word' id='word_1_298' title='bbox 1207 3677 1281 3728; x_wconf 85' lang='lat' dir='ltr'><strong>‘Jom</strong></span> <span class='ocrx_word' id='word_1_299' title='bbox 1373 3680 1377 3688; x_wconf 87' lang='lat'>&#39;</span> 
     </span>
    </p>
   </div>
   <div class='ocr_carea' id='block_1_6' title="bbox 141 3749 1284 4272">
    <p class='ocr_par' dir='ltr' id='par_1_7' title="bbox 141 3749 1284 4272">
     <span class='ocr_line' id='line_1_36' title="bbox 190 3749 1283 3819; baseline 0 -19"><span class='ocrx_word' id='word_1_300' title='bbox 190 3749 272 3800; x_wconf 88' lang='lat' dir='ltr'><strong>lodor.</strong></span> <span class='ocrx_word' id='word_1_301' title='bbox 299 3753 420 3811; x_wconf 73' lang='grc' dir='ltr'><strong>τελαμᾶνι</strong></span> <span class='ocrx_word' id='word_1_302' title='bbox 429 3750 544 3814; x_wconf 70' lang='grc' dir='ltr'><strong>ἀριστεῖον</strong></span> <span class='ocrx_word' id='word_1_303' title='bbox 555 3749 665 3810; x_wconf 70' lang='grc' dir='ltr'><strong><em>Ἡσιόνην</em></strong></span> <span class='ocrx_word' id='word_1_304' title='bbox 674 3753 719 3810; x_wconf 76' lang='grc' dir='ltr'><strong>τὴν</strong></span> <span class='ocrx_word' id='word_1_305' title='bbox 758 3755 818 3805; x_wconf 87' lang='lat' dir='ltr'><strong>oiim</strong></span> <span class='ocrx_word' id='word_1_306' title='bbox 826 3755 964 3819; x_wconf 71' lang='lat' dir='ltr'><strong>Phrygiam</strong></span> <span class='ocrx_word' id='word_1_307' title='bbox 978 3755 1071 3804; x_wconf 80' lang='lat' dir='ltr'><strong>intrari</strong></span> <span class='ocrx_word' id='word_1_308' title='bbox 1083 3753 1221 3808; x_wconf 80' lang='lat' dir='ltr'><strong>vitiferem,</strong></span> <span class='ocrx_word' id='word_1_309' title='bbox 1230 3753 1283 3800; x_wconf 84' lang='lat' dir='ltr'><strong>Ubi</strong></span> 
     </span>
     <span class='ocr_line' id='line_1_37' title="bbox 191 3825 1283 3892; baseline 0 -17"><span class='ocrx_word' id='word_1_310' title='bbox 191 3825 349 3886; x_wconf 63' lang='grc' dir='ltr'><strong>Λαομέδοντος</strong></span> <span class='ocrx_word' id='word_1_311' title='bbox 373 3825 488 3890; x_wconf 63' lang='grc' dir='ltr'><strong>Ματέρα</strong></span> <span class='ocrx_word' id='word_1_312' title='bbox 512 3827 597 3876; x_wconf 70' lang='lat' dir='ltr'><strong>ettooe</strong></span> <span class='ocrx_word' id='word_1_313' title='bbox 624 3828 718 3877; x_wconf 72' lang='grc' dir='ltr'><strong>ΗΓοΙι-</strong></span> <span class='ocrx_word' id='word_1_314' title='bbox 759 3829 1163 3892; x_wconf 71' lang='lat' dir='ltr'><strong>uidimultosPiirypssstrenuos</strong></span> <span class='ocrx_word' id='word_1_315' title='bbox 1174 3826 1283 3888; x_wconf 79' lang='lat' dir='ltr'><strong>equites,</strong></span> 
     </span>
     <span class='ocr_line' id='line_1_38' title="bbox 141 3901 1283 3967; baseline -0.002 -15"><span class='ocrx_word' id='word_1_316' title='bbox 141 3931 144 3941; x_wconf 87' lang='lat'><strong>·</strong></span> <span class='ocrx_word' id='word_1_317' title='bbox 189 3903 259 3952; x_wconf 89' lang='lat' dir='ltr'><strong>moul</strong></span> <span class='ocrx_word' id='word_1_318' title='bbox 286 3903 418 3966; x_wconf 75' lang='lat' dir='ltr'><strong>praemium</strong></span> <span class='ocrx_word' id='word_1_319' title='bbox 447 3903 550 3951; x_wconf 82' lang='lat' dir='ltr'><strong>virtutis</strong></span> <span class='ocrx_word' id='word_1_320' title='bbox 578 3902 716 3953; x_wconf 78' lang='lat' dir='ltr'><strong>Hesionam</strong></span> <span class='ocrx_word' id='word_1_321' title='bbox 758 3904 873 3967; x_wconf 85' lang='lat' dir='ltr'><strong>Populus</strong></span> <span class='ocrx_word' id='word_1_322' title='bbox 890 3901 967 3952; x_wconf 89' lang='lat' dir='ltr'><strong>Otrei</strong></span> <span class='ocrx_word' id='word_1_323' title='bbox 986 3909 1013 3951; x_wconf 88' lang='lat' dir='ltr'><strong>et</strong></span> <span class='ocrx_word' id='word_1_324' title='bbox 1023 3901 1162 3966; x_wconf 69' lang='lat' dir='ltr'><strong>Mygdonis</strong></span> <span class='ocrx_word' id='word_1_325' title='bbox 1172 3903 1283 3963; x_wconf 63' lang='lat' dir='ltr'><strong>anniti,</strong></span> 
     </span>
     <span class='ocr_line' id='line_1_39' title="bbox 191 3973 1284 4038; baseline -0.002 -12"><span class='ocrx_word' id='word_1_326' title='bbox 191 3977 372 4027; x_wconf 75' lang='lat' dir='ltr'><strong>Laomedontis</strong></span> <span class='ocrx_word' id='word_1_327' title='bbox 380 3977 457 4027; x_wconf 86' lang='lat' dir='ltr'><strong>lillnrn</strong></span> <span class='ocrx_word' id='word_1_328' title='bbox 470 3975 559 4026; x_wconf 75' lang='lat' dir='ltr'><strong>dedii:</strong></span> <span class='ocrx_word' id='word_1_329' title='bbox 757 3980 808 4032; x_wconf 78' lang='lat' dir='ltr'><strong>oui</strong></span> <span class='ocrx_word' id='word_1_330' title='bbox 821 3987 882 4026; x_wconf 84' lang='lat' dir='ltr'><strong>tunc</strong></span> <span class='ocrx_word' id='word_1_331' title='bbox 894 3973 1027 4025; x_wconf 78' lang='lat' dir='ltr'><strong>bellabant</strong></span> <span class='ocrx_word' id='word_1_332' title='bbox 1038 3976 1070 4025; x_wconf 85' lang='lat' dir='ltr'><strong>sd</strong></span> <span class='ocrx_word' id='word_1_333' title='bbox 1080 3975 1148 4038; x_wconf 83' lang='lat' dir='ltr'><strong>rlpss</strong></span> <span class='ocrx_word' id='word_1_334' title='bbox 1156 3975 1284 4038; x_wconf 73' lang='lat' dir='ltr'><strong>dsnpsrii,</strong></span> 
     </span>
     <span class='ocr_line' id='line_1_40' title="bbox 221 4049 1282 4118; baseline -0.004 -16"><span class='ocrx_word' id='word_1_335' title='bbox 221 4060 231 4085; x_wconf 82' lang='lat'>⁸</span> <span class='ocrx_word' id='word_1_336' title='bbox 248 4053 506 4116; x_wconf 72' lang='lat' dir='ltr'><strong>Priommisl’luygiu</strong></span> <span class='ocrx_word' id='word_1_337' title='bbox 514 4052 578 4116; x_wconf 87' lang='lat' dir='ltr'><strong>erut]</strong></span> <span class='ocrx_word' id='word_1_338' title='bbox 597 4049 717 4102; x_wconf 75' lang='lat' dir='ltr'><strong>Abscissa</strong></span> <span class='ocrx_word' id='word_1_339' title='bbox 757 4053 845 4118; x_wconf 79' lang='lat' dir='ltr'><strong>Atque</strong></span> <span class='ocrx_word' id='word_1_340' title='bbox 863 4065 910 4115; x_wconf 71' lang='lat' dir='ltr'><strong>epo</strong></span> <span class='ocrx_word' id='word_1_341' title='bbox 930 4051 1061 4099; x_wconf 79' lang='lat' dir='ltr'><strong>auxilieris</strong></span> <span class='ocrx_word' id='word_1_342' title='bbox 1081 4049 1194 4099; x_wconf 78' lang='lat' dir='ltr'><strong>existens</strong></span> <span class='ocrx_word' id='word_1_343' title='bbox 1213 4049 1282 4098; x_wconf 84' lang='lat' dir='ltr'><strong>inter</strong></span> 
     </span>
     <span class='ocr_line' id='line_1_41' title="bbox 191 4126 1281 4194; baseline -0.004 -14"><span class='ocrx_word' id='word_1_344' title='bbox 191 4131 330 4192; x_wconf 82' lang='lat' dir='ltr'><strong>Priamum,</strong></span> <span class='ocrx_word' id='word_1_345' title='bbox 356 4145 413 4180; x_wconf 89' lang='lat' dir='ltr'><strong>curu</strong></span> <span class='ocrx_word' id='word_1_346' title='bbox 435 4130 537 4193; x_wconf 85' lang='lat' dir='ltr'><strong>Trojarn</strong></span> <span class='ocrx_word' id='word_1_347' title='bbox 560 4130 718 4194; x_wconf 72' lang='lat' dir='ltr'><strong>expugnarit</strong></span> <span class='ocrx_word' id='word_1_348' title='bbox 757 4144 801 4180; x_wconf 90' lang='lat' dir='ltr'><strong>eos</strong></span> <span class='ocrx_word' id='word_1_349' title='bbox 816 4136 965 4178; x_wconf 78' lang='lat' dir='ltr'><strong>numeratus</strong></span> <span class='ocrx_word' id='word_1_350' title='bbox 981 4127 1028 4190; x_wconf 81' lang='lat' dir='ltr'><strong>ini,</strong></span> <span class='ocrx_word' id='word_1_351' title='bbox 1046 4128 1099 4176; x_wconf 87' lang='lat' dir='ltr'><strong>Die</strong></span> <span class='ocrx_word' id='word_1_352' title='bbox 1116 4126 1161 4175; x_wconf 93' lang='lat' dir='ltr'><strong>lllo</strong></span> <span class='ocrx_word' id='word_1_353' title='bbox 1179 4127 1281 4190; x_wconf 75' lang='lat' dir='ltr'><strong>qusnsm</strong></span> 
     </span>
     <span class='ocr_line' id='line_1_42' title="bbox 191 4201 1191 4272; baseline -0.005 -18"><span class='ocrx_word' id='word_1_354' title='bbox 191 4205 327 4270; x_wconf 90' lang='lat' dir='ltr'><strong>Hercules,</strong></span> <span class='ocrx_word' id='word_1_355' title='bbox 347 4206 412 4258; x_wconf 88' lang='lat' dir='ltr'><strong>dicit</strong></span> <span class='ocrx_word' id='word_1_356' title='bbox 430 4207 526 4267; x_wconf 86' lang='lat' dir='ltr'><strong>Dares,</strong></span> <span class='ocrx_word' id='word_1_357' title='bbox 545 4207 632 4256; x_wconf 84' lang='lat' dir='ltr'><strong>nescio</strong></span> <span class='ocrx_word' id='word_1_358' title='bbox 652 4219 714 4272; x_wconf 84' lang='lat' dir='ltr'><strong>quos</strong></span> <span class='ocrx_word' id='word_1_359' title='bbox 759 4213 882 4254; x_wconf 82' lang='lat' dir='ltr'><strong>venerunt</strong></span> <span class='ocrx_word' id='word_1_360' title='bbox 893 4203 1033 4252; x_wconf 75' lang='lat' dir='ltr'><strong>Amazones</strong></span> <span class='ocrx_word' id='word_1_361' title='bbox 1044 4201 1191 4264; x_wconf 63' lang='lat' dir='ltr'><strong>viragines?</strong></span> 
     </span>
    </p>
   </div>
   <div class='ocr_carea' id='block_1_7' title="bbox 0 0 1484 4875">
    <p class='ocr_par' dir='ltr' id='par_1_8' title="bbox 0 0 1484 4875">
     <span class='ocr_line' id='line_1_43' title="bbox 0 0 1484 4875; baseline 0 4"><span class='ocrx_word' id='word_1_362' title='bbox 0 0 1484 4875; x_wconf 95' lang='lat' dir='ltr'><strong> </strong></span> 
     </span>
    </p>
   </div>
  </div>
 </body>
</html>
