2959 4875
611 374 820 423 serrum.
1196 364 1262 452 345

170 556 251 623 puer
269 538 384 604 ‘Ilione
412 534 589 625 quisquam
613 538 654 603 de
681 547 779 622 geute
804 537 946 604 Latinos
967 540 1008 605 lu
1039 548 1168 608 tuntum
1198 562 1260 627 spe

170 640 267 705 tollet
280 638 388 705 avus!
428 639 550 705 luten.
567 639 803 725 ‘inquantum
819 641 905 706 situs
921 649 1022 727 utque
1034 644 1140 709 t'umds
1154 640 1261 712 et'tri-

169 758 249 823 geru
275 741 439 824 poscunt!
459 730 460 735 ’
483 740 572 805 Plin.
596 756 644 806 ιι.
667 760 744 825 cup.
767 738 821 806 dd.
845 742 1004 808 ‘Solutus
1031 743 1260 812 columbarum

169 844 305 908 volutus
331 850 387 908 est
407 844 442 908 in
454 843 604 907 multum
625 842 794 908 velocior?
836 844 954 911 livius
970 858 1088 910 xxix.
1101 842 1156 911 2&
1179 846 1260 912 ‘Ad

168 944 365 1009 immensum
379 962 497 1028 augere
513 942 659 1026 aliquid!
702 943 747 1007 Et
763 959 883 1007 xxiv.
906 946 959 1009 15.
982 949 994 981 ‘
1010 946 1259 1031 Dexterspars

170 1051 265 1109 terroe
286 1044 365 1111 lube
385 1048 419 1111 iu
440 1045 645 1128 aliquantum
659 1042 847 1109 altitudinis
862 1044 973 1110 diruta
986 1044 1078 1111 erut'
1121 1048 1190 1113 Ubi
1203 1068 1259 1131 ge·

168 1145 296 1210 nitivus
325 1144 549 1211 ‘altitudinis'
577 1162 646 1209 non
673 1144 797 1229 regitur
818 1147 863 1210 ub
883 1146 1132 1231 ‘aliquantum’
1154 1149 1260 1228 seda

168 1266 352 1332 suppresso
379 1247 513 1313 nomine
542 1246 755 1313 substantivo
782 1242 873 1331 quod
896 1254 949 1312 est
969 1246 1147 1335 negotium,
1169 1250 1259 1335 qnod

169 1347 317 1414 similiter
327 1350 362 1413 in
374 1348 530 1414 omuibus
540 1347 679 1431 reliquls
694 1346 871 1431 ndJ'eetiris
880 1348 952 1432 inm
963 1350 1164 1415 enumeratis
1178 1351 1259 1417 sub·

168 1449 304 1515 auditur.
349 1450 464 1515 Minus
479 1455 589 1515 eutem
605 1450 761 1534 syumm
771 1449 872 1514 istam
887 1449 1059 1517 Mereerus
1071 1450 1259 1532 mirabitur,

168 1550 371 1616 strationem
386 1552 491 1630 ineat,
505 1552 622 1617 eudem
644 1550 711 1616 ista
733 1552 868 1617 uomina
890 1552 926 1615 in
945 1558 1044 1617 sexto
1063 1552 1257 1624 eesunnllo

168 1654 338 1718 sententia
353 1652 542 1717 discrimine
551 1652 705 1736 usurpari
715 1652 823 1717 solere
831 1651 974 1719 :-ut‘l'er.
985 1652 1112 1719 Heuut
1125 1652 1258 1719 ‘Paulo
1305 1720 1309 1728 ,

168 1752 407 1836 quiesthomo
421 1752 624 1820 tolerabilis!
654 1758 679 1802 -‘
695 1752 796 1819 Pater
810 1753 983 1838 aliquanto
1005 1752 1172 1839 iniquior!
1207 1752 1258 1820 Et

168 1853 304 1921 Pborm
316 1867 325 1893 ⁸
336 1856 408 1940 Fego
424 1857 482 1921 isti
496 1855 602 1921 nihilo
615 1855 714 1923 ulitur
727 1875 803 1921 sum
818 1855 939 1921 actui?
953 1856 1088 1922 Sallust
1100 1856 1123 1922 J
1125 1854 1257 1939 ngurtb.

166 1956 279 2022 ‘Cum
301 1958 406 2023 vinem
430 1957 534 2041 paulo
557 1964 804 2041 processerant,
826 1957 901 2040 igne
921 1962 980 2021 aut
998 1956 1169 2041 lapidibus
1183 1975 1257 2022 eor·

165 2060 425 2143 rumpebantur?
467 2058 605 2125 Cicero:
627 2058 787 2137 ‘Quanto
807 2058 996 2143 superiores
1017 2078 1143 2138 sumus,
1161 2065 1255 2125 tauto

165 2178 227 2224 nos
241 2160 440 2226 submissius
453 2160 626 2245 geremus!
647 2159 759 2243 Idem:
776 2159 1002 2245 ‘Arrogantia
1014 2160 1138 2245 ingenii
1151 2162 1256 2227 multo

164 2267 218 2327 est
238 2261 496 2328 molestissima’
540 2262 656 2328 Senee.
671 2263 778 2348 Epist.
791 2264 847 2329 9⁴.
872 2262 1023 2348 ‘Aspice
1039 2265 1166 2347 quunto
1194 2263 1256 2329 uli-

165 2372 213 2428 ter
226 2366 456 2449 unusquisque
469 2364 597 2450 populo
612 2365 717 2446 vium,
739 2363 837 2430 aliter
850 2362 935 2429 eibi-3
978 2363 1096 2430 livius
1108 2367 1255 2430 extremo

165 2465 229 2530 lib:
238 2481 295 2529 rx.
312 2465 490 2532 ‘Fluvium
499 2467 676 2551 ‚eliquanto
691 2474 793 2532 antea
805 2464 934 2531 desisse
943 2466 1113 2550 seriptum
1123 2463 1255 2532 tueare?

163 2567 284 2632 lustin.
299 2582 449 2634 xxxin.
472 2567 563 2633 ‘Sed
584 2563 710 2651 quanto
731 2565 870 2650 Grypus
895 2567 1149 2645 abnuittunto.
1162 2586 1256 2633 soror

147 2667 377 2736 accenditur?
419 2669 460 2734 In
475 2669 598 2753 quibus
609 2668 765 2733 omnibus
779 2667 976 2750 praepositio
991 2688 1011 2729 u
1025 2673 1188 2733 etnomen
1201 2689 1255 2734 m·

161 2767 249 2854 gotio
260 2769 467 2849 subauditur,
473 2775 514 2836 ut
528 2769 645 2835 eodem
660 2787 758 2834 sensu
768 2767 910 2847 dicatur,
926 2773 1068 2854 ‘quanto
1080 2768 1205 2854 magis'
1220 2777 1256 2835 et

163 2874 342 2956 tquantum
353 2871 483 2955 magis:
494 2874 637 2956 ‘quanto
652 2868 784 2937 melior’
798 2877 834 2935 et
848 2875 1027 2955 ‘quantum
1036 2871 1255 2960 meliorique

163 2974 352 3057 posteriore
366 2973 485 3039 Livius
497 2973 600 3039 utitur
613 2972 672 3038 lib.
688 2989 748 3036 ιιι.
762 2973 815 3037 lb.
839 2970 1042 3051 ‘Quantum
1050 2972 1254 3060 magisjnni·
1369 3027 1372 3032 .

163 3093 237 3139 ores
252 3082 384 3160 petrum
399 3077 488 3161 plebi
507 3095 544 3142 se
557 3075 785 3153 insinuabant,
801 3075 1103 3141 suasorius-eontra
1115 3074 1254 3140 'l'nbuui

162 3177 362 3243 tendebant-¹
393 3178 450 3245 ,Et
466 3193 573 3245 xuuv,
586 3181 620 3244 7.
643 3176 839 3266 {Quantum
855 3176 987 3260 longius
1000 3175 1254 3260 proeederet,eo

162 3279 319 3363 majorem
341 3299 448 3346 rerum
473 3280 621 3346 omnium
642 3281 793 3365 inopium
814 3276 985 3344 sentiens?
1026 3276 1143 3360 Atque
1164 3276 1253 3370 bine,

164 3381 295 3464 opinor,
311 3381 484 3448 Meroerus
499 3381 672 3464 intelliget,
684 3401 783 3465 qnam
794 3381 946 3464 imperite
956 3378 1024 3443 ista
1037 3376 1254 3442 Grammatici

162 3481 342 3548 Aduerbiis
357 3487 581 3561 annumerent,
593 3501 670 3566 quae
684 3481 880 3566 praepositio
894 3481 944 3545 eis
958 3481 1133 3563 prtemissu
1146 3481 1253 3549 nonis

162 3583 439 3648 neesseclamet.

208 3683 308 3750 Aliud
328 3683 399 3768 ejus
420 3692 644 3768 argumentum
667 3693 720 3754 est
732 3687 812 3771 quia
824 3687 887 3753 lib..
898 3704 931 3749 v.
945 3686 981 3750 in
994 3684 1067 3750 suia
1079 3686 1252 3770 exemplu·

161 3788 253 3853 ribus
266 3785 391 3876 legerit,
417 3785 590 3855 ‘Pn'amus
603 3809 639 3854 re
654 3790 786 3874 cognita
797 3791 847 3870 ad¹
853 3807 945 3855 uram
959 3787 982 3851 J
984 3787 1060 3852 ovis
1073 3793 1152 3851 aute
1168 3785 1252 3860 edi-

161 3889 275 3954 tieiule
293 3887 464 3970 confugit!
505 3889 746 3974 Annotetque:
769 3887 984 3953 ‘AEditioiule
1013 3905 1075 3969 pro
1103 3884 1250 3955 mditioio

163 3991 236 4055 sive
249 3989 348 4072 regin
371 3988 507 4054 Priami.
537 3989 726 4071 Elegantia
748 3989 849 4072 hujus
873 3986 1008 4052 saeculi!
1051 3983 1156 4067 Atqui
1169 3986 1251 4075 nibil

163 4115 302 4162 neeesse
316 4103 368 4160 est
381 4095 428 4159 ite
442 4113 502 4160 nos
515 4097 635 4178 legere,
649 4099 686 4158 ut
696 4095 773 4159 libri
787 4093 863 4177 ejus
876 4091 1045 4170 exhibent,
1060 4089 1122 4155 sed
1135 4089 1250 4174 potius

163 4203 201 4262 ut
213 4196 270 4263 ulii
281 4203 371 4262 recte
386 4197 570 4264 habebunt:
585 4207 594 4234 ‘
607 4195 650 4262 ad
665 4196 870 4263 aramJovis
883 4192 1069 4260 aeffifioialis
1081 4189 1251 4286 confugit!
