2959 4875
538 340 657 405 sonna
681 360 832 411 ιιιοιοι.
1186 366 1232 429 sa

138 489 255 573 (quem
276 492 309 556 ei
329 493 467 567 ‚Hector
487 514 567 581 post
589 510 755 574 certamen
779 510 944 597 singulare
963 520 1054 587 douo
1079 522 1230 611 dederat)

139 590 307 657 mcubuit:
328 594 426 677 cujus
438 616 538 665 cruor
558 603 592 666 iu
614 605 727 672 tlorem
742 617 795 675 est
808 618 1053 686 transmutatus.
1096 625 1229 711 Sopho-

139 690 220 767 cles,
233 691 269 755 in
285 690 396 778 Aiace
410 696 574 781 Flagellit.
587 707 644 769 cui
659 707 747 773 adde
762 710 942 794 Alcintum,
957 718 1001 783 ad
1015 722 1090 787 167.
1105 733 1141 789 et
1153 728 1226 795 175.

140 788 301 856 moutam
314 814 443 861 necnon
455 798 554 865 Ouid.
570 820 658 869 xnn
668 808 810 877 Metam.
818 812 893 879 391.

308 894 350 959 In
363 903 497 981 pectus,
509 910 579 968 tum
593 906 727 973 demum
740 910 877 979 vulnera
891 936 1042 999 passum,

225 990 305 1069 Qua
318 998 430 1078 patuit
442 998 541 1080 ferro,
552 1004 683 1071 letalem
693 1011 843 1076 condidit
855 1033 979 1084 ensem.

179 1090 363 1159 Nummum
384 1098 483 1177 huuc,
506 1121 528 1167 a
549 1104 786 1188 Prusensibus,
800 1113 835 1175 in
857 1115 1013 1185 honorem
1035 1122 1221 1196 Caracalla

136 1188 224 1276 Imp.
245 1212 379 1272 cusum,
401 1206 479 1265 aute
504 1223 568 1268 nos
591 1206 772 1290 depinxero
796 1212 949 1295 Petinus,
969 1220 1003 1285 iu
1027 1223 1138 1311 lmpp.
1153 1228 1223 1295 Ro·

135 1310 224 1355 man.
250 1294 330 1359 248.
359 1302 395 1361 et
418 1300 578 1385 Spanius,
607 1309 643 1372 iu
665 1309 814 1379 ltiuerar.
839 1318 892 1381 cui
917 1324 1092 1405 respondet
1114 1327 1221 1397 Licoti

133 1389 289 1472 Gemma,
312 1399 401 1480 apud
427 1400 643 1488 Gronovium,
670 1411 877 1497 Dactylioth.
895 1435 935 1483 ιι.
956 1423 1029 1487 508.
1054 1425 1149 1491 Gom.
1163 1431 1220 1495 ubi

132 1492 241 1558 etfax
255 1497 384 1577 audeus,
399 1501 541 1586 Ajacem
554 1508 615 1593 (de
637 1510 768 1578 Brenno
791 1518 972 1603 somnium)
996 1534 1096 1591 noctu
1117 1538 1219 1596 semet

130 1592 243 1675 ipsum
258 1598 447 1667 confodisse
461 1606 635 1689 significat.

444 1928 614 2039 xxiv..
643 1931 899 2001 Nauslcnn.

523 2097 603 2185 Ian.
619 2115 669 2162 ιι.
693 2098 782 2165 Cas.
798 2104 830 2167 6.

159 2254 302 2341 ‘Neque
316 2260 423 2325 multo
432 2269 522 2343 post,
535 2264 691 2344 precibus
703 2271 805 2348 atque
819 2266 948 2332 hortatu
960 2266 1110 2361 Ulyssis,
1124 2270 1185 2334 Al·

300 2360 391 2425 cinoi
406 2362 477 2427 tilia
493 2362 669 2430 Nausicaa
682 2364 884 2432 Telemacho
901 2368 1060 2435 denubit.'

167 2507 384 2587 Nausicaan,
416 2508 560 2591 Alcinoi,
591 2513 773 2579 Phaeacum
807 2517 893 2597 regis
929 2517 963 2580 iu
993 2516 1151 2601 Corcyra,
1179 2524 1214 2583 ot

125 2607 244 2674 Aretes
263 2597 349 2688 tilia,
370 2631 447 2694 quae
471 2613 554 2678 torte
577 2633 652 2678 cum
676 2613 891 2696 pedissequis
911 2616 1003 2696 regia
1026 2616 1155 2693 exiens,
1177 2619 1213 2682 iu
1308 2649 1311 2658 ·

123 2709 255 2776 flumine
268 2721 382 2777 vestes
402 2713 569 2791 ablutura,
586 2713 705 2778 incidit
725 2713 761 2777 in
776 2713 944 2797 Ulyssem,
959 2716 1161 2799 naufragum,
1176 2716 1212 2780 in

123 2809 233 2876 littore
259 2814 436 2892 sedentem,
465 2815 601 2879 nudum.
660 2814 754 2880 Huic
790 2819 899 2879 autem
930 2815 1075 2898 supplici
1102 2824 1212 2882 vestes

122 2911 224 2990 dedit,
240 2933 383 2997 eumque
392 2915 437 2980 ad
451 2921 579 2999 patrem
593 2914 762 2997 perduxit.
785 2913 889 2979 Hom.
902 2913 967 2979 Od.
981 2920 1004 2986 t.

159 3015 350 3083 Nausicaa
365 3025 476 3085 autem
490 3013 585 3102 pater
593 3021 705 3104 justus
719 3019 959 3102 acpacificus3
983 3021 1079 3104 cujus
1097 3040 1208 3104 poma-

118 3116 240 3182 riorum
254 3119 343 3182 mira
355 3119 510 3184 fertilitas
524 3119 608 3184 abiit
625 3120 659 3182 iu
676 3121 895 3202 proverbium.
924 3119 1050 3185 Statius
1065 3137 1090 3186 1.
1114 3119 1208 3204 Sylv.

117 3218 149 3281 3.
161 3218 216 3283 st.
237 3219 397 3287 Juvenal.
413 3236 447 3282 v.
472 3221 546 3285 Sat.
571 3219 647 3285 151.
673 3220 824 3304 Propert.
842 3237 898 3284 ιιι.
923 3223 954 3286 1.
999 3221 1098 3286 Unde
1119 3227 1153 3284 et
1176 3222 1210 3285 in

118 3319 278 3384 Nummis
292 3319 545 3404 Corcyreusium
560 3327 594 3385 et
608 3319 915 3403 Dymachiensium,
925 3320 1013 3403 apud
1025 3318 1208 3396 Goltzium,

118 3421 226 3487 Grac.
241 3423 321 3487 1.2.
336 3427 371 3486 et
390 3420 477 3486 Tel).
493 3421 754 3503 conspiciuntur,
770 3421 818 3483 uti
839 3421 966 3503 primus
989 3419 1128 3484 credidit
1141 3419 1208 3484 Be·

118 3543 222 3603 genus,
247 3523 412 3588 'l'heswn
436 3521 578 3586 Palatin.
596 3538 621 3585 ι.
635 3521 710 3583 455.
738 3525 836 3602 atque
852 3520 956 3584 ctiam
977 3539 1066 3584 ame
1088 3520 1207 3584 coufir-

115 3625 230 3704 matur,
245 3626 290 3691 ad
305 3623 505 3688 Wildiaoor.
519 3623 685 3686 Selectos.
704 3620 758 3684 55.

155 3727 260 3793 Porro
272 3727 350 3791 haec
367 3723 538 3788 Nausicaa
558 3744 578 3788 e
602 3719 812 3787 Numismate
828 3719 1099 3806 Mitylcueusium
1114 3720 1205 3805 apud

115 3826 286 3911 sponium,
310 3824 503 3891 Miscellan.
519 3822 647 3889 Emdit
667 3839 716 3886 tv.
730 3821 806 3888 130.
