2959 4875
396 356 445 407 na
468 356 646 405 rrrsrorrrr
673 356 784 413 snuur
807 358 982 408 raorrur.
1185 344 1229 409 41

136 498 244 577 volni,
257 500 337 583 qnia
350 499 387 565 in
408 476 503 567 irisce
518 496 715 569 cnndstitrd
736 497 904 585 κρινόμενον,
918 508 953 565 et
974 500 1077 566 totius
1097 508 1230 579 matre,-

139 600 256 665 rersim
269 600 390 665 nodus.
436 600 512 665 luis
528 602 616 667 enim
640 602 820 685 expeditis,
834 621 887 667 res
898 602 978 687 ipsa
998 607 1049 667 tot
1070 602 1230 669 insnibns

17 760 19 779 ‚
140 698 335 784 conjecturis
349 702 516 786 implicita
537 708 569 767 et
588 704 779 781 obscurata,
793 704 828 767 in
850 704 1010 787 liquidem
1030 706 1231 788 emeratln-

140 822 224 877 ccm,
238 810 274 867 et
295 810 390 885 putet
411 802 558 879 tandem,
580 802 622 867 de
642 803 767 887 Dictys
788 802 944 869 Cretensi
962 804 1046 887 qnid
1066 807 1165 871 nobis
1186 807 1232 873 sit

140 902 367 968 statuendum.
413 904 503 969 Num
539 903 653 969 sihoc
680 910 825 982 constat,
858 904 1056 988 Septimium
1092 907 1232 971 vertisse

141 1003 240 1067 hosce
254 1004 387 1069 libellos
410 1022 455 1067 ex
483 1004 541 1069 ilio
562 1004 696 1088 Dictys,
721 1020 822 1089 quern
850 1004 966 1072 Groeci
989 1006 1174 1091 Scriptores
1196 1012 1232 1071 et

17 1106 18 1109 ’
140 1104 340 1173 Scholiastae
362 1102 543 1169 identidem
566 1106 715 1182 landant,
735 1124 795 1173 seu
821 1106 962 1175 amcos
980 1108 1085 1175 hosce
1105 1108 1232 1173 nuilnm

142 1206 242 1271 aiinnr
256 1206 427 1283 habuisse,
439 1208 585 1285 novisse,
594 1207 802 1291 designasse,
817 1208 954 1293 Dictyn,
969 1230 1069 1293 qnam
1080 1209 1165 1275 hunc
1179 1210 1231 1292 ip-

141 1326 226 1383 sum,
250 1324 349 1389 quern
375 1306 559 1391 Septimius
582 1328 733 1375 sermone
763 1310 884 1377 launo
908 1313 1088 1394 expressit,
1110 1308 1233 1375 evadet

142 1412 217 1469 tunc
230 1406 351 1471 diurna
372 1408 451 1473 luce
467 1409 588 1475 clarius
603 1417 640 1473 et
654 1410 790 1486 certine,
811 1410 933 1477 salsum
947 1428 1023 1493 ergo
1036 1430 1126 1486 esse,
1140 1407 1231 1492 quod

141 1504 252 1573 Greci
275 1506 327 1571 illi
353 1506 556 1573 tradiderunt
580 1508 716 1587 diserte,
742 1510 898 1595 quodque
921 1513 1001 1577 ideo
1023 1510 1233 1577 crediderunt

142 1612 239 1690 utque
261 1604 466 1675 affirmarunt
480 1606 629 1673 Vossius
643 1609 760 1688 Peter,
777 1610 851 1677 Iseo
867 1612 1022 1692 allatius,
1035 1618 1070 1680 et
1082 1612 1232 1695 plerique

141 1706 240 1773 hodie
254 1709 325 1783 aiii,
341 1708 526 1793 scripsisse
536 1709 709 1777 historiam
731 1713 773 1777 de
794 1712 891 1779 Bello
904 1713 1052 1797 Trojano
1073 1710 1232 1795 antiquis·

142 1809 263 1877 unum
277 1810 444 1893 quendum
459 1811 598 1896 Dictyn,
615 1811 786 1881 ldonrenei
801 1814 1012 1881 Cretensium
1034 1812 1158 1895 Reguli
1172 1830 1233 1875 co·
1262 1854 1280 1893 .-

141 1913 265 1988 ruitem,
280 1914 340 1995 qni
365 1912 440 1995 ipse
457 1912 547 1977 bedu
562 1912 710 1995 Troiano
721 1912 914 1991 interfuerit,
927 1920 964 1981 et
976 1934 1029 1979 res
1041 1915 1086 1979 sb
1103 1933 1141 1977 se
1154 1912 1232 1995 ipsc

141 2013 233 2077 vises
261 2012 434 2079 memorien
458 2012 675 2080 mundaverit.
719 2014 854 2081 Nomen
882 2018 966 2103 ejus,
994 2032 1169 2099 persenam
1197 2014 1233 2078 in

17 2106 18 2109 ’
141 2114 207 2179 iste
233 2114 460 2197 expeditione,
484 2122 632 2195 estatem,
660 2122 693 2183 et
720 2117 935 2202 scriptionem
970 2117 1067 2183 tinxit
1085 2117 1155 2194 iiie,
1171 2114 1232 2197 qui

142 2212 398 2281 eracemum
421 2216 611 2283 Historiam
633 2227 783 2303 tempore
805 2218 952 2284 Neronis
971 2218 1175 2301 composuit,
1198 2220 1234 2278 et

142 2316 224 2379 unde
235 2318 331 2383 nnice
346 2324 419 2385 tuta
433 2318 630 2385 hoectnbqu
644 2320 687 2385 de
702 2319 936 2402 affiqumsimo
949 2319 1007 2384 iiio
1019 2308 1142 2399 Dictys
1152 2315 1233 2382 Cre·

142 2419 226 2482 tensi
239 2419 372 2485 ridetur
393 2427 477 2488 orte.
520 2420 610 2502 Num
632 2422 743 2488 nullus
757 2420 848 2486 nlius
862 2439 1003 2505 nsquam
1023 2420 1230 2495 memoretur,

17 2593 18 2606 χ
143 2520 203 2584 sed
226 2529 261 2586 et
279 2542 377 2589 nemo
398 2523 435 2588 iu
449 2523 586 2590 Graecis
609 2525 731 2602 extitit,
756 2523 816 2608 qni
841 2531 919 2588 ante
943 2521 1126 2586 Homerum
1152 2519 1233 2601 qnid

17 2699 18 2718 χ
142 2621 325 2706 scripserit,
345 2632 379 2690 et
398 2625 440 2692 de
454 2626 614 2710 Trojanis
627 2627 764 2710 quidem
784 2626 895 2702 rem,
907 2630 946 2688 nt
966 2622 1056 2687 sutis
1071 2621 1234 2704 probasse

17 2737 18 2770 ι
143 2741 196 2788 rne
210 2731 296 2806 puto
317 2745 362 2790 ex
380 2726 482 2790 variis
496 2725 703 2792 Auctoribus
722 2725 767 2790 ud
782 2725 954 2791 AEiianum
968 2721 1055 2788 Ver.
1070 2721 1163 2786 Hist
1179 2735 1234 2784 ιιι.

144 2823 176 2888 2.
210 2823 286 2889 Viri
308 2826 509 2903 doctissimi,
523 2827 580 2912 qni
607 2827 672 2892 hoc
694 2833 857 2910 tempore,
879 2825 966 2891 elius
989 2825 1094 2889 ulium
1113 2822 1235 2899 secuti,

145 2925 244 2990 telem
268 2927 368 2990 nobis
393 2927 516 3010 Dictyn
539 2935 683 3005 nument,
697 2927 864 2994 credidere
885 2927 987 2992 utinm
1013 2925 1122 2992 fuisse
1136 2922 1234 2989 Gree-

145 3047 258 3094 cornm
275 3029 414 3111 Dictyn,
440 3037 543 3112 atque
565 3029 654 3094 hunc
681 3031 786 3096 nostri
814 3029 982 3112 Septimii.
1025 3025 1130 3106 Quod
1158 3045 1235 3090 cunr

144 3129 276 3214 liquido
290 3131 325 3194 in
345 3131 568 3213 superioribus
580 3133 803 3211 refutaverim,
818 3150 882 3196 nec
898 3130 1075 3214 qnisquam
1091 3127 1178 3192 alius
1191 3127 1236 3190 ab

144 3233 204 3296 iilo
220 3232 418 3298 Groecorum
431 3238 467 3294 et
479 3235 581 3298 nostri
603 3233 762 3317 Septimii
787 3232 910 3314 Dictys
924 3229 1073 3294 extiterit
1087 3227 1237 3309 scriptor

145 3335 235 3399 illins
255 3336 412 3411 nominis,
435 3341 587 3418 superest
607 3335 693 3400 nihii
717 3335 823 3413 alind,
844 3333 908 3398 nisi
931 3351 1032 3396 unum
1055 3330 1132 3405 troc,
1146 3325 1237 3410 qnod

146 3443 255 3500 tumen
274 3434 402 3500 nuliius
423 3436 525 3502 terme
552 3439 678 3519 negaui
698 3445 764 3514 est,
775 3455 851 3502 com
866 3435 927 3500 rix
940 3449 1131 3516 quenquam
1145 3428 1180 3492 iu
1193 3445 1236 3492 ec

146 3534 315 3602 habiturus
329 3537 393 3600 sim
412 3536 643 3619 refragantem,
657 3546 694 3602 ut
708 3537 893 3611 ostendum,
907 3551 1012 3617 neque
1022 3531 1115 3596 illum
1134 3529 1237 3594 nostri

148 3637 291 3722 Diutyos
305 3645 488 3712 auctorem,
503 3639 561 3721 qni
584 3659 623 3703 se
644 3639 743 3704 tinxit
762 3635 1030 3720 antiquissimum
1044 3632 1139 3698 illum
1155 3632 1239 3696 Dic·

148 3745 214 3824 tyn,
236 3739 463 3822 comitemque
492 3737 687 3831 Idomenei,
705 3739 811 3804 fuisse
845 3733 1054 3820 temporibus
1079 3731 1237 3816 'trojanis

147 3841 331 3925 equalem:
355 3845 456 3923 utque
486 3838 574 3905 adeo
597 3839 718 3906 falsum
746 3857 820 3904 esse
848 3836 943 3901 illurn
970 3840 1006 3898 et
1033 3832 1239 3908 mendacem,

147 3944 281 4028 qnando
295 3941 331 4008 id
346 3959 408 4025 per
421 3944 526 4006 totum
536 3941 712 4008 historiam
725 3939 857 4006 solicite
870 3935 959 4002 udeo
972 3933 1131 4013 inculcet.

183 4062 304 4110 xxrrr.
343 4040 501 4124 Arguunt
523 4042 647 4106 etenim
676 4043 768 4107 ilium
796 4038 892 4104 multi
925 4053 1055 4102 errores
1078 4032 1237 4108 historici,

144 4152 260 4232 purtim
279 4147 328 4212 ab
345 4145 425 4228 ipso
438 4143 587 4227 protecti,
612 4143 733 4227 partim
749 4159 793 4206 err
816 4137 936 4204 Poetis
955 4135 1108 4222 repertur
1136 4130 1238 4199 veluti
