2959 4875
228 300 294 369 aaa
603 316 766 367 nrasrrs
788 316 949 365 ranucii

230 480 355 539 revere,
372 460 462 545 qnod
485 478 651 543 nunquam
672 458 888 541 despexisset
910 456 1104 543 'trojanos‘
1128 464 1162 525 et
1174 457 1318 543 Argivos

230 562 481 627 desiderasset!
523 558 606 644 [eo]
629 560 775 625 Postera
796 559 852 623 die
875 558 1106 641 Agamemnon
1129 562 1238 642 coepit
1259 580 1319 625 ex·

231 664 369 728 ercitum
381 670 455 727 ante
470 670 595 745 portam
610 662 785 737 instruere,
795 667 831 723 et
842 660 1019 724 Dardanos
1033 660 1066 723 in
1080 660 1231 743 praelium
1242 682 1319 744 pro·

231 784 361 829 vocare.
405 764 558 829 Priamus
583 763 783 841 subsistere,
805 763 919 827 urbem
943 763 1072 826 munire
1091 768 1126 827 et
1146 762 1319 845 quiescere

232 884 339 949 usque
362 866 440 931 dum
465 865 696 931 Penthesilea⁸
722 884 799 929 cum
824 863 1055 929 Amazonibus
1080 864 1319 947 superveniret.

233 966 446 1033 Penthesilea
457 972 576 1051 postea
590 968 794 1050 supervenit,
808 970 842 1030 et
854 965 1034 1031 exercitum
1047 972 1165 1029 contm
1174 963 1320 1047 Argivos

232 1066 366 1133 eduxit:
382 1068 422 1133 fit
436 1068 588 1153 pralium
603 1070 732 1151 ingens,
748 1088 810 1152 per
821 1069 952 1151 aliquot
965 1067 1036 1131 dies
1049 1072 1226 1152 pugnatur.
1253 1065 1318 1130 Ar·

233 1170 301 1250 giri
325 1170 360 1233 in
384 1171 503 1235 cestris
525 1170 761 1253 opprimuntur.
803 1168 869 1233 Cui
886 1170 947 1235 vix
966 1168 1148 1234 Diomedes
1168 1168 1320 1231 obstititr

233 1270 358 1354 alioqui
378 1276 491 1337 castre
503 1276 684 1349 vastasset,
706 1290 809 1335 naves
830 1270 1039 1335 incendisset
1053 1268 1266 1351 Argivorum,
1286 1274 1320 1333 et

233 1372 424 1437 universum
448 1374 631 1437 exercitum
656 1373 882 1439 devastasset.
926 1371 1053 1437 Proelio
1074 1370 1214 1435 diremto
1233 1370 1322 1453 Aga·

233 1490 386 1537 memnon
401 1492 481 1537 suos
496 1474 665 1539 incastris
680 1476 808 1539 retinet
851 1473 987 1539 iuterim
1007 1471 1220 1538 Penthesilea
1240 1491 1320 1557 pro·

235 1570 284 1635 dit
320 1572 537 1656 quotidieque
564 1572 719 1639 devastat
748 1573 903 1655 Argivos,
934 1574 970 1637 in
998 1572 1121 1637 bellum
1148 1579 1321 1656 provocat.

236 1670 465 1756 Agamemnon
479 1695 523 1740 ex
538 1677 679 1741 consilio
693 1682 805 1741 castra
817 1676 926 1741 munit
938 1680 1126 1757 tueturque,
1143 1683 1180 1738 et
1201 1674 1237 1738 in
1252 1675 1321 1739 bel·

238 1772 308 1837 lum
322 1794 389 1839 non
405 1776 538 1859 prodit,³
562 1796 667 1859 usque
681 1776 761 1840 dum
780 1776 915 1842 advenit
929 1774 1102 1841 Menelaus
1115 1794 1191 1840 cnm
1205 1773 1321 1859 Neop-

235 1874 368 1939 tclemo.
414 1876 657 1961 Neoptolemus
670 1884 707 1942 ut
722 1877 861 1943 advenit
871 1877 979 1960 patris
999 1878 1055 1941 sui
1075 1896 1170 1941 arma
1183 1879 1319 1961 accipit,

235 1976 325 2041 circa
336 1978 443 2061 patris
456 1980 616 2043 tumulum
626 1979 973 2045 lamentaturclamore
983 1986 1126 2062 magun·
1148 1977 1320 2043 Penthesi-

236 2076 344 2141 leaex
357 2079 592 2143 consuetudine
605 2082 711 2145 aciem
720 2081 865 2159 instruit,
874 2088 910 2145 et
919 2081 1033 2164 prodit
1040 2098 1147 2164 usqne
1156 2081 1200 2145 ad
1210 2088 1322 2147 castra

237 2175 448 2260 Argivorum.
485 2179 605 2245 Prodit
618 2180 872 2265 Neoptolemus,
888 2181 1116 2265 Myrmidonas
1128 2182 1273 2259 instruit,
1288 2188 1323 2247 et

236 2286 352 2345 contre
361 2281 481 2347 educit.
503 2281 731 2365 Agamemnon
741 2284 928 2348 exercitum
936 2286 1079 2349 instruit:
1093 2283 1321 2349 acriteramho

236 2381 460 2449 concurrunt.b
481 2382 723 2471 Neoptolemus
732 2394 874 2469 stragem
883 2386 979 2452 lacit:
994 2386 1323 2453 Penthesileaoccur·

236 2481 584 2558 mtlorhtercominus
599 2489 699 2554 stetit.
722 2487 1321 2572 Dumperaliqnotdiesacriterpug·

237 2591 410 2664 naverunt,
421 2588 520 2651 ambo
536 2589 661 2653 multos
671 2589 867 2654 oeciderunt
910 2587 1121 2652 Penthesilea
1135 2587 1167 2653 N
1170 2587 1322 2672 eoptole·

238 2704 326 2750 mum
345 2687 484 2753 sauciat.
529 2687 602 2766 Ille,
616 2689 731 2754 dolore
754 2695 904 2772 accepto,
919 2688 1126 2755 Amazonum
1140 2689 1321 2755 doctricem

693 2832 874 2859 “comune

271 2933 286 2979 t
304 2929 402 2980 Omnes
411 2944 488 2982 rocca
498 2946 513 2981 a
523 2934 626 2996 qmrttte
639 2949 719 3001 usque
730 2936 762 2986 ad
772 2939 854 3002 prodit
866 2937 960 2988 desunt
971 2938 1069 3002 Delph.

669 3057 672 3064 “
728 3083 839 3133 moun

271 3179 283 3203 ¹
301 3171 370 3228 Μ
384 3187 501 3237 negem
518 3176 661 3238 dammae
681 3177 762 3239 licie
803 3179 1052 3231 uehementem.

238 3247 291 3310 aaa]
313 3249 354 3298 Ex
373 3248 488 3300 llomero
507 3259 619 3315 conam,
635 3253 762 3305 llelenma
833 3264 844 3290 ¹
864 3255 1005 3319 thuedaar
1016 3253 1177 3321 Penthesilea]
1200 3254 1251 3306 Sed
1262 3265 1322 3308 ante

239 3337 369 3388 nunquam
389 3325 514 3389 Trojano·
535 3327 700 3392 despexirrer
725 3330 763 3380 alt
802 3332 931 3382 ademtam
967 3331 1109 3381 Hectorem
1144 3334 1324 3396 enpemmue

240 3399 318 3460 enim,
328 3400 362 3450 ll.
379 3407 404 3451 r.
415 3401 448 3451 ed
464 3401 611 3455 Priamum:
627 3404 717 3456 saeui
733 3405 765 3456 ri
804 3406 1090 3470 Penthesilea-,repra
1099 3407 1213 3457 namrit
1223 3407 1325 3472 Dictys,

239 3474 631 3542 audrei,otteixopl,dnrim.
657 3482 763 3534 ‘ltere
802 3483 936 3548 ipsumque
951 3482 1100 3538 Hectorem.
1111 3483 1135 3531 ei
1152 3482 1253 3532 chriam
1266 3497 1324 3546 pro·

240 3549 382 3614 modusque
398 3553 459 3603 mihi
476 3569 512 3617 er,
525 3555 620 3608 dilecte
635 3573 720 3624 socer,
731 3559 763 3611 ti-
801 3555 908 3620 seetam,
918 3557 951 3608 ah
960 3555 1062 3606 Achille
1073 3570 1120 3620 per
1130 3555 1235 3606 insidiae
1245 3557 1324 3608 inter·

239 3625 416 3690 meodruqne.'
800 3633 907 3686 factm.

272 3701 335 3750 rer
348 3703 451 3764 Argiam
465 3707 630 3772 desiderasset]
656 3711 764 3763 lirHo·
832 3719 846 3746 ⁸
860 3713 1015 3762 Mer
1029 3711 1241 3774 mm]
1257 3712 1324 3766 viee

239 3776 629 3844 meroidqnoquemultirlocir.
654 3787 764 3853 Etipsa,
802 3788 990 3852 apndDietyn.

239 3852 309 3914 apud
322 3853 470 3918 Euripidem
482 3856 508 3906 in
519 3857 674 3922 Troadibus,
684 3862 721 3912 eit
736 3876 765 3912 se
834 3863 846 3897 b
861 3864 957 3914 Acriter
966 3861 1195 3926 nieorum]
1210 3865 1273 3914 Vult
1285 3864 1326 3914 dl·

239 3928 334 3992 eaepiur
355 3939 413 3993 port
434 3940 541 3982 mortem
562 3935 663 3984 Preidis
686 3938 766 4000 Troia
803 3952 874 4001 cere,
893 3937 1112 4001 Agnemnonem
1133 3947 1163 3990 et
1183 3939 1326 4002 Neoptole-

240 4003 329 4065 egredi
341 4013 463 4069 tauream,
473 4017 502 4059 et
519 4009 666 4060 Grecmum
679 4021 765 4063 cartre
804 4029 874 4066 mum
888 4028 940 4064 une
950 4015 978 4064 in
992 4013 1080 4064 hoster
1089 4015 1214 4078 impetum
1224 4013 1325 4065 techa.

240 4085 396 4140 penehme3
418 4089 446 4130 et
461 4097 519 4132 euru
532 4085 609 4134 etiam
621 4085 764 4147 perferrem
801 4088 854 4139 Sed
864 4089 902 4138 lta
910 4087 1000 4138 rcrihit
1015 4093 1103 4138 umen
1118 4089 1222 4152 irreptor
1233 4090 1326 4151 Daret,

240 4167 256 4202 e
274 4155 352 4204 mama
370 4155 543 4224 delaberetur,
561 4175 578 4212 a
596 4161 716 4226 vigilibus
734 4165 761 4214 in
803 4161 1255 4215 eriereeredaaeosiureirmiere.
