2959 4875
194 252 260 317 ata
637 262 844 311 urrunnun.

196 421 283 484 enim
297 416 525 503 praefationem
539 432 605 477 nou
621 413 770 498 ejusdem
785 431 863 477 esse
877 410 974 495 cujus
988 414 1040 475 eat
1053 410 1200 490 historia,
1211 415 1287 499 qui-

195 520 248 585 vis
271 538 335 583 non
358 516 603 582 indoctissimus
625 514 723 579 t'acile
744 513 922 595 intelligat:
950 533 1051 598 quam
1073 513 1163 580 haud
1186 516 1287 581 dubie

195 620 351 686 indoctus
366 616 535 703 quispiam
550 620 688 699 nugator
703 616 857 701 subjecit.
908 614 997 680 Tum
1012 615 1049 679 iu
1062 616 1140 681 aliis
1152 618 1286 701 scriptis

198 720 381 798 codicibus,
395 739 481 804 quos
496 718 578 783 editi
594 722 671 782 sunt
686 716 807 793 secuti,
816 736 881 780 uon
897 714 1105 794 Consularis,
1119 718 1178 782 sed
1193 717 1286 783 1³1ae-

197 843 251 889 ses
264 824 396 907 tegitur.
442 820 536 885 Nihil
559 827 671 884 eutem
697 816 867 881 Mercerus
880 814 990 895 affert,
1005 835 1065 881 cur
1077 836 1141 881 suo
1156 823 1287 883 tautum

198 925 316 991 ecdici
331 924 463 990 credere
477 923 565 987 alios
578 920 745 1005 postulet:
768 920 827 1002 qui
847 918 939 1001 quod
960 918 1114 1001 quedam
1127 919 1287 1003 loquendi

197 1046 320 1109 genera
334 1024 465 1091 Latium
491 1024 631 1107 Linguae
653 1020 801 1105 puritate
822 1038 888 1085 uon
909 1019 993 1084 sads
1006 1019 1108 1103 digna
1121 1020 1155 1085 iu
1169 1020 1288 1086 eudem

199 1127 354 1194 Historia
368 1126 433 1211 legi
451 1132 577 1205 censet,
596 1124 752 1209 profecto
775 1143 813 1187 se
830 1123 904 1207 jam
919 1120 1147 1205 depoutanum
1161 1121 1286 1187 sactum

197 1229 327 1313 probat,
342 1248 440 1313 quem
450 1228 522 1312 jam
538 1228 628 1293 domi
642 1245 679 1291 so
696 1226 873 1323 coutiuere,
887 1244 949 1289 uec
962 1222 1288 1308 suffragiiiereudiin

197 1328 367 1395 literamm
382 1329 565 1395 Comitium
579 1330 626 1395 ire
640 1325 826 1417 perfuerit.
869 1326 972 1393 Libro
988 1342 1027 1392 ιι.
1041 1327 1076 1391 in
1086 1326 1179 1411 prius
1187 1324 1289 1390 editis

198 1429 383 1513 legebatur:

244 1533 422 1617 ‘Namque
432 1538 565 1598 nosnos
580 1532 762 1597 multorum
773 1530 898 1596 dierum
912 1532 1126 1613 navigatione
1138 1528 1288 1614 aliquau-

200 1638 269 1698 tnm
294 1634 479 1701 exhaustos
501 1635 655 1715 maxime·
668 1634 846 1717 praesentia
858 1632 997 1715 Telephi
1015 1627 1285 1697 exanimaverat’

199 1736 244 1799 Et
259 1735 363 1800 infra:

244 1834 432 1901 ‘cohortati
447 1855 526 1901 suos
542 1836 681 1920 quisque
694 1838 769 1900 acie
783 1834 976 1902 condixere.
1020 1835 1107 1899 Tum
1125 1852 1208 1900 vero
1228 1833 1289 1897 aii-

200 1936 394 2021 qnantulum
404 1942 510 2001 tracto
518 1937 709 2015 certamine,
715 1936 848 2020 plurimi
856 1938 1026 2022 utriusque
1034 1936 1140 2019 partis
1147 1932 1292 2000 cadunt?

200 2036 375 2103 Mercerus
394 2038 590 2121 uuobiqne:
617 2038 675 2101 ‘in
690 2036 914 2121 aliquantum’
936 2037 1053 2117 edidit,
1067 2043 1289 2121 annotatque:

201 2138 366 2216 ‘italibri
375 2145 412 2203 et
425 2138 475 2203 sic
489 2136 725 2223 saepeNoster,
734 2156 756 2202 a
766 2136 862 2221 cujus
877 2140 1007 2205 soeeulo
1016 2159 1084 2204 nou
1094 2140 1292 2221 estexigeu·

200 2242 244 2306 da
255 2240 369 2306 Latini
383 2240 548 2305 sermonis
561 2238 713 2323 puritas?
739 2239 809 2305 Sed
824 2242 966 2323 primum
981 2241 1103 2307 falsum
1117 2246 1182 2320 ost,
1198 2260 1290 2325 supe

201 2344 252 2409 sic
267 2342 357 2425 apud
368 2343 454 2407 hunc
470 2342 665 2426 scriptorem
685 2342 760 2425 legi,
775 2361 836 2407 uec
849 2344 938 2407 enim
952 2351 1116 2427 praeterea
1128 2342 1291 2407 catiacus

200 2447 235 2511 in
249 2447 340 2510 omni
354 2463 395 2510 sa
410 2443 577 2524 Historia,
591 2446 648 2510 ubi
663 2445 757 2512 vocis
772 2445 1002 2530 ‘aliquantum
1011 2444 1025 2508 ’.
1034 2446 1120 2510 idem
1134 2463 1218 2509 usus
1232 2445 1290 2510 sit.

201 2545 329 2612 Deinde
350 2565 467 2630 uagam
482 2545 655 2614 Mercems
668 2547 798 2631 nequit,
818 2567 882 2614 nce
901 2567 983 2614 euos
1004 2548 1110 2614 libros
1123 2564 1291 2632 nusquam

186 2657 366 2734 ‘corruptae
392 2647 546 2714 lectionis
567 2669 652 2716 esse.
696 2649 790 2728 Quid
814 2669 892 2734 ergo
916 2657 979 2730 est,
1000 2669 1059 2716 cur
1072 2656 1241 2716 auctorem
1254 2647 1291 2714 id

120 2737 127 2752 '
200 2751 327 2834 potius,
347 2748 439 2832 quod
463 2749 499 2812 in
510 2747 674 2829 Mercari,
694 2769 796 2834 quam
811 2751 904 2835 quod
918 2753 954 2815 in
968 2752 1109 2816 aliorum
1122 2752 1216 2818 tibris
1229 2757 1292 2830 eat,

202 2851 385 2933 scripsisse
397 2849 636 2916 accredumust
662 2849 816 2916 Tandem
829 2870 948 2936 parum
959 2852 1129 2918 Mercerus
1142 2852 1292 2920 doctriua

203 2971 265 3018 sua
279 2953 314 3016 iu
329 2952 490 3017 bonorum
505 2960 677 3018 auctorum
700 2973 764 3019 usn
780 2955 915 3038 dignum
934 2954 1026 3032 iacit,
1040 2975 1119 3020 cum
1141 2953 1185 3019 id.
1197 2954 1292 3020 dam·

183 3053 281 3121 ’nare
297 3054 449 3120 animum
457 3053 598 3131 inducit,
612 3055 702 3139 quod
718 3061 753 3120 et
766 3057 886 3139 regulis
908 3057 988 3122 artis
1009 3057 1173 3139 congruit,
1194 3062 1230 3121 et
1241 3057 1292 3122 le-

202 3155 494 3240 cupletissimisse
510 3157 702 3224 auctoribus
716 3158 816 3224 tutari
828 3164 949 3244 potest.
970 3157 1019 3224 Ut
1030 3158 1292 3226 enimiuGram-

200 3258 334 3326 matidis
349 3259 462 3339 docui,
477 3259 661 3340 Quantum,
686 3259 846 3340 Tantum,
867 3259 1038 3337 Multum,¹
1048 3261 1205 3339 Paulum,
1219 3260 1294 3326 Ati-

202 3368 382 3443 quautum,
391 3363 606 3442 Immensum,
629 3363 820 3446 regulariter
832 3382 908 3428 cum
922 3362 1164 3446 Praepositioue
1181 3361 1226 3426 ud
1238 3363 1292 3429 vel

151 3525 154 3530 .
201 3461 246 3538 ia,
260 3461 394 3543 figurate
408 3482 488 3528 vero
505 3464 575 3528 sine
589 3464 828 3547 praepositione
846 3463 1018 3530 dicuutur:
1041 3471 1088 3541 nt,
1111 3468 1293 3547 ‘qnantum

202 3570 298 3648 pater
313 3563 396 3642 tilio,
407 3571 532 3631 tantum
544 3565 648 3647 po'etu
661 3566 786 3650 ingenii
800 3567 956 3650 enipurtu
971 3565 1111 3648 gaudet?
1139 3563 1294 3632 ‘Avarus

201 3668 344 3735 multum
359 3674 410 3733 est
423 3667 602 3733 ambitioso
611 3668 779 3733 deterior.'
809 3667 941 3732 ‘Senex
952 3675 1006 3732 est
1020 3668 1156 3752 paulum
1165 3667 1208 3732 ad
1223 3687 1294 3736 rem

202 3768 385 3838 attentior!
407 3767 628 3836 ‘Adolescens
637 3769 841 3855 aliquantum
850 3767 1147 3836 animo.omissior.’
1172 3768 1293 3834 ‘Mons

139 3872 144 3880 “
184 3915 187 3924 .
201 3871 400 3938 immensum
411 3869 547 3937 editus.'
572 3872 630 3936 ,ln
646 3871 699 3938 his
710 3872 865 3938 omuibus
876 3872 1149 3956 prmpositiouem
1162 3870 1294 3936 deside·

202 3973 276 4049 rari,
290 3973 436 4056 plurima
451 3973 650 4058 optimumm
665 3981 837 4042 auctorum
851 3973 1009 4058 exempla
1023 3974 1169 4039 vincunt.
1219 3972 1294 4038 Lir.

203 4085 273 4138 xx.
287 4071 342 4139 27.
365 4073 429 4138 ‘In
444 4081 573 4141 tantum
587 4095 684 4142 suam
698 4077 855 4143 virtutem
868 4073 1047 4142 enituisse!
1088 4073 1182 4157 Virg.
1197 4077 1209 4115 ¹
1216 4071 1294 4140 Nec
