2959 4875
651 327 702 378 ΔΙ)
727 329 940 378 nantonis.

685 579 781 645 Idem
800 581 876 646 457.

280 713 408 780 Latinis
433 713 605 798 vigemus,
621 735 689 798 quo
704 715 836 780 nomine
851 715 987 798 primus,
1001 713 1093 800 qnod
1113 715 1228 792 sciam,
1243 731 1325 778 nsns

237 823 292 880 est
311 814 482 901 Josepbus
507 815 662 894 Iscanus,
687 818 748 901 qui
774 816 922 884 Cornelii
944 815 1090 899 Nepotis
1110 817 1242 880 nomine
1262 814 1327 878 cir·

238 917 425 994 cumlertur,
440 918 475 980 in
490 916 542 981 bis
557 915 600 981 ad
623 917 814 982 Hubertnm
838 916 1109 982 cantuariensem
1138 915 1327 999 Archiprae·

238 1017 342 1082 sulem
356 1017 527 1083 versibus:

323 1119 364 1184 ln
378 1138 546 1184 numerum
556 1117 628 1202 jaan
643 1117 763 1185 crescit
776 1118 900 1186 bonor:
920 1127 952 1185 te
965 1120 1063 1184 tertia
1078 1117 1189 1203 poscit

324 1218 466 1299 Insula,¹
482 1219 553 1305 jam
569 1219 715 1284 meminit
728 1219 904 1303 vigornia,
919 1219 1041 1284 Cantia
1054 1219 1165 1297 discit,

325 1319 499 1384 Romanam
513 1319 691 1385 meditatur
704 1339 803 1404 apex,
817 1328 852 1383 et
865 1320 1024 1404 naufraga
1039 1319 1130 1384 Petri

323 1419 507 1486 Doctorum
523 1420 558 1486 ia
570 1419 690 1486 mediis
705 1428 864 1504 expectat
876 1422 995 1506 cymba
1010 1422 1174 1504 procellis.

412 1631 568 1718 Rapbael
582 1632 822 1700 volaterranus
837 1635 871 1699 in
887 1632 1157 1719 Anthropologia.

284 1779 392 1845 Daras
421 1779 586 1861 Phrygius
613 1777 796 1843 historiens
829 1777 968 1859 scripsit
995 1779 1119 1843 bellurn
1148 1775 1329 1860 'frojanam

241 1882 371 1958 Graece,
385 1882 420 1945 in
435 1899 503 1964 qno
525 1882 599 1964 ipse
622 1881 788 1957 militavit,
810 1885 848 1943 ut
869 1882 916 1945 ait
936 1879 1100 1955 Isidorus,
1123 1880 1249 1961 primns
1262 1879 1331 1942 lere

241 1982 480 2058 historicorum,
505 1981 562 2064 qni
589 1981 721 2046 tendam
748 1976 852 2064 capto
878 1981 945 2046 llio
967 2001 1042 2046 cnm
1064 1980 1247 2044 Antenoris
1260 1978 1331 2042 isc·

242 2083 332 2146 done
345 2083 513 2160 remansit,
538 2081 655 2148 scribit
671 2082 846 2147 Cornelius
862 2081 994 2166 Nepos,
1009 2083 1068 2166 qni
1081 2099 1169 2164 opus
1180 2080 1254 2163 ejus
1269 2099 1330 2144 sex

241 2182 358 2248 librisl
373 2201 392 2250 e
406 2182 528 2249 Graeco
538 2185 710 2260 convertit,
725 2183 916 2266 dicavitque
931 2183 1055 2267 Crispo
1068 2181 1237 2247 Sallustio.

465 2386 672 2478 Passerinus
690 2409 913 2479 Bibliotheca
937 2425 1034 2475 xvir.
1055 2409 1109 2475 29.

288 2562 423 2627 Daretis
448 2562 583 2649 Phrygii
599 2563 641 2629 de
664 2564 753 2630 bello
772 2563 923 2648 Trojano
946 2562 1024 2627 libri
1045 2561 1194 2627 feruntur
1214 2580 1237 2625 a
1251 2561 1334 2625 Cor·

244 2664 332 2729 nolio
348 2664 484 2750 Nepote
498 2665 621 2731 latino
637 2665 783 2731 carmine
800 2664 951 2730 Heroico
965 2661 1089 2741 donati,
1108 2662 1167 2727 sed
1181 2662 1334 2745 quisquis

244 2763 299 2830 ille
314 2764 423 2841 luerit,
439 2784 552 2829 versus
566 2784 634 2829 non
646 2766 800 2829 videntur
814 2764 930 2847 inepti.

287 2863 449 2929 Claudius
463 2862 638 2949 Dasquius
659 2864 703 2929 ad
727 2866 910 2931 orationem
924 2862 1046 2928 Basilii
1060 2861 1279 2928 Seleuciensis
1292 2862 1335 2927 de

246 2964 335 3039 Elia,
349 2966 587 3030 commentario
603 2965 646 3030 ad
659 2966 724 3031 ista
738 2968 861 3031 verba:
875 2962 1089 3047 padoence
1101 2969 1156 3027 τῶν
1168 2960 1336 3052 diaspenis

244 3066 369 3153 χορηγὸν
389 3065 519 3153 ἂβροχὶᾳ
541 3061 748 3147 semiferas:
770 3066 916 3144 Elatum,
939 3066 1058 3150 inquit,
1079 3066 1124 3131 ad
1145 3068 1336 3150 exemplum

247 3188 405 3253 perquam
429 3169 590 3252 ingeniosi
617 3168 757 3235 Poetae:
789 3166 989 3235 Nimbornm
1011 3168 1170 3252 pincerna
1192 3166 1335 3233 Notus:

246 3290 323 3354 qnae
337 3279 416 3339 sunt
429 3273 531 3337 verba
544 3270 685 3355 losepbi
700 3269 815 3337 Iscani
831 3287 881 3335 iv.
894 3270 971 3336 294.

270 3496 444 3563 Gouradns
456 3498 702 3571 Rittersbnsins
716 3502 751 3567 in
760 3502 1004 3569 commentario
1014 3500 1058 3566 ad
1068 3499 1233 3567 Guntbori
1250 3514 1273 3563 1.
1282 3500 1315 3562 4.

290 3643 329 3709 ln
343 3644 406 3710 hac
420 3647 586 3713 sententia
610 3646 750 3713 delicias
771 3649 852 3715 facit
875 3647 945 3727 ille,
965 3648 1119 3735 quisquis
1141 3651 1205 3727 est,
1224 3647 1338 3733 quide

248 3744 338 3812 bello
353 3746 497 3831 'l'rojano
512 3750 646 3834 scripsit
660 3748 792 3833 poema,
808 3751 872 3814 sub
886 3753 1019 3816 nomine
1028 3748 1174 3814 Cornelii
1191 3748 1338 3833 Nepotis

247 3847 332 3913 laiso
347 3868 385 3913 se
398 3850 585 3931 venditans,
601 3869 676 3916 cum
692 3852 736 3915 sit
746 3852 840 3935 longa
852 3854 1025 3935 posterior.
1053 3849 1267 3916 ‘Canescunt
1280 3850 1337 3916 alii

247 3948 382 4028 mento,’
395 3952 455 4015 &c
499 3950 625 4019 Versus
637 3950 741 4018 babes
756 3953 849 4017 initio
861 3952 936 4018 libri
951 3952 1060 4038 primi.

282 4134 293 4159 ¹
311 4126 425 4190 begnod.
442 4128 537 4183 inlata.
681 4128 693 4167 l
708 4133 761 4183 Sex
772 4132 849 4184 libror
859 4132 969 4198 losapbi
983 4132 1065 4183 naabi
1076 4130 1181 4183 ridetur
1190 4132 1306 4184 innuen.
