2959 4875
213 298 300 417 ’346
675 362 885 413 nraanorx.

237 518 377 586 Idenim
391 522 502 587 estad
522 538 613 587 aram
635 520 737 586 Jovis
764 518 915 596 Heroni,
929 517 1095 603 quomodo
1119 518 1179 583 alii
1202 516 1326 585 Graeca

237 622 346 689 dicare
360 625 562 701 maluerunt,
576 628 615 689 ut
630 622 731 689 Ovid.
745 625 780 689 in
804 621 857 688 lb.
877 620 966 686 ‘Oui
988 619 1072 685 nibil
1092 618 1227 687 Hercoei
1250 639 1327 704 pro·

236 721 302 793 suit
323 742 381 791 ora
401 723 522 791 Jovis’
542 724 668 810 Hygia.
691 724 828 792 subtil.
850 722 958 789 ‘Pars
972 724 1006 787 in
1020 721 1222 789 aramJoris
1237 724 1326 789 Har-

236 828 300 891 oaei
312 825 459 893 insiluit?
502 826 647 893 Festos:
662 830 673 861 ‘
686 826 854 899 Hcrcaens
866 824 1003 909 Jupiter
1020 824 1111 891 iutra
1123 832 1325 909 conseptum

235 927 359 995 domus
373 929 538 1015 cujusque
550 928 735 1007 colebatur,
759 944 859 1011 quem
876 936 911 993 et
924 927 1036 991 Deum
1050 923 1250 1008 penetralem
1266 943 1329 1009 ap·

236 1028 426 1115 pellabant’
468 1030 605 1096 Servios
632 1031 667 1094 in
692 1028 771 1095 AEn.
794 1044 836 1095 ιι.
858 1026 1020 1111 ‘Singula
1044 1026 1166 1091 domos
1193 1033 1327 1093 sacrata

238 1140 319 1199 sont
333 1131 422 1213 Diis,
436 1140 474 1198 nt
488 1132 608 1199 Cutina
623 1133 700 1199 Diis
720 1132 909 1217 penatibus,
933 1128 1111 1202 Macarius,
1130 1146 1208 1213 qum
1222 1129 1328 1195 ambit

237 1232 381 1314 domum,
404 1232 550 1300 Harcoeo
571 1231 673 1313 Jovi'
715 1233 835 1317 ltaque
857 1230 940 1297 nibil
957 1230 1128 1297 Meroerns
1148 1229 1228 1313 cpit,
1249 1248 1327 1295 cum

238 1336 388 1418 probatae
411 1335 604 1403 latinitatis
625 1336 757 1403 landem
782 1335 859 1402 boio
885 1332 1054 1400 Historias
1078 1332 1244 1399 muntia
1261 1350 1328 1399 aua

238 1437 424 1521 abrogavit,
436 1438 591 1523 ultroque
605 1438 748 1521 gratiam
760 1437 834 1523 ejus
845 1435 1078 1503 emendatione
1086 1436 1235 1501 maritam
1245 1434 1328 1501 eiiu-

238 1537 307 1604 ditr
317 1540 377 1623 qui
390 1557 458 1605 non
471 1541 579 1605 minas
592 1540 627 1605 in
640 1557 681 1607 ao
693 1538 1023 1623 hallucinatur,quod
1037 1536 1209 1603 cumlibro
1218 1536 1327 1621 primo

237 1642 501 1707 membranarum
526 1660 662 1707 suarum
684 1640 751 1707 fida
774 1641 827 1707 sic
849 1640 1028 1707 edidisset:
1051 1637 1268 1705 ‘Podalirius
1292 1648 1329 1705 ct

239 1739 409 1809 Machaon
431 1742 634 1825 AEsculapio
656 1743 771 1825 geniti,
794 1742 896 1808 acciti
916 1741 959 1807 ad
975 1742 1011 1807 id
1025 1740 1150 1807 milam
1163 1743 1209 1807 ob
1223 1740 1328 1807 soler·

238 1842 322 1908 tiam
344 1844 521 1910 medicinae
542 1842 661 1909 artisr'
683 1842 869 1921 annomrit,
891 1837 1122 1909 ‘Medianum
1136 1851 1243 1909 artam
1256 1843 1328 1909 dic·

240 1952 312 2009 tum
325 1963 412 2024 asse,
433 1952 473 2011 ut
493 1953 613 2011 terram
633 1945 777 2026 Italiam,
791 1946 963 2012 mulierem
977 1945 1192 2023 meretricem,
1206 1946 1328 2013 Scnec·

238 2050 309 2111 tam
328 2046 483 2111 mutam!
540 2046 722 2131 Perpetem
745 2048 878 2114 scilicet
904 2046 1121 2125 Medicinam,
1142 2056 1327 2134 senectam,

237 2154 273 2215 et
287 2146 507 2226 Meretricem,
520 2148 658 2234 perinde
671 2158 712 2216 nt
725 2149 874 2230 Italiam,
887 2150 1023 2217 nomina
1034 2150 1244 2216 subsuntira
1253 2169 1330 2216 esse

238 2251 387 2319 credidit.
403 2250 494 2318 Nam
501 2258 652 2318 senectus
662 2254 971 2339 participiumease,
977 2252 1133 2336 idemque
1140 2250 1330 2336 significare

240 2354 332 2438 qnod
354 2358 369 2416 ὁ
389 2352 531 2442 γηράσας,
553 2354 749 2422 Priscianus
769 2362 918 2422 veterum
939 2354 1139 2421 auctoritate
1152 2354 1238 2419 sads
1251 2372 1329 2436 pro-

237 2455 342 2522 baria
385 2456 551 2522 Dicebant
573 2455 725 2522 nimirum
753 2464 908 2525 senectus
932 2458 995 2537 vir,
1019 2463 1157 2524 muscia
1180 2455 1328 2534 immina,

239 2563 410 2624 sancctum
434 2575 577 2644 corpus:
600 2559 748 2645 adeoquo
769 2561 903 2646 quoties
926 2560 1109 2626 Senaotsm
1128 2577 1189 2645 pro
1210 2557 1330 2624 Senne-

92 2691 96 2698 ·
238 2663 311 2724 tute
324 2659 475 2744 legimns,
494 2659 645 2728 AEtatem
661 2661 890 2742 subaudimus,
904 2661 996 2748 quod
1011 2661 1146 2747 qnidam
1156 2659 1329 2726 Macaron

237 2760 356 2826 Servio
369 2760 504 2826 credere
518 2768 646 2845 poterat
659 2765 693 2828 in
708 2765 789 2830 AEn.
800 2781 841 2832 rr.
852 2765 1080 2831 sicmonmti:
1102 2763 1165 2830 ‘si
1174 2762 1329 2830 dicamus

238 2859 397 2939 Senecta,
420 2867 482 2926 aut
502 2860 691 2928 addendum
713 2872 812 2942 aetas,
832 2871 891 2930 aut
908 2864 1178 2949 mongandm'
1222 2865 1329 2930 Merc-

238 2960 307 3026 trix
330 2979 396 3026 non
424 2962 524 3028 aliam
548 2965 710 3030 rationem
734 2964 849 3043 babet,
874 2986 977 3050 qnam
997 2965 1161 3046 (ianitrix,
1183 2965 1330 3044 Victrix,

238 3060 363 3143 Aitrix,
388 3083 465 3148 quae
486 3063 727 3150 adjectivorum
751 3067 856 3133 instar
878 3086 957 3135 essa
977 3069 1102 3136 nemini
1125 3074 1236 3154 potest
1251 3087 1329 3136 assa

238 3165 387 3234 dubium.
431 3164 639 3262 biedicinam
662 3185 764 3253 porro
787 3187 913 3234 merum
940 3171 1142 3256 adiectirum
1168 3190 1257 3249 esse,
1290 3180 1331 3236 nt

237 3266 318 3348 Ars,
338 3267 392 3335 val
411 3266 567 3336 Taberna
585 3271 815 3352 subaudiatur,
828 3274 995 3358 quomodo
1010 3275 1142 3340 tandem
1156 3273 1329 3340 Marcenrs

238 3375 349 3436 tantus
361 3371 508 3436 literatos
520 3373 671 3455 ignorare
686 3373 820 3459 potniti
865 3375 1010 3460 inperat
1028 3375 1162 3441 enimin
1175 3374 1327 3441 Varrone

240 3489 291 3534 ιν.
313 3472 354 3537 de
367 3473 500 3554 Lingua
518 3473 649 3540 latina.
671 3474 889 3544 ‘Artificibns
903 3478 1053 3544 maxima
1066 3495 1170 3543 cansa
1182 3477 1228 3542 ab
1243 3482 1325 3554 arta,

237 3570 350 3648 idest,
366 3574 410 3637 ab
425 3579 495 3637 arte
509 3576 671 3642 medicina
684 3583 720 3643 ut
733 3579 780 3643 sit
792 3579 944 3644 medicus
957 3579 1081 3658 dictus,
1096 3598 1119 3643 a
1129 3578 1258 3644 sutrina
1269 3599 1327 3644 sn·

238 3677 299 3751 tor,
313 3690 382 3736 non
395 3692 418 3738 a
429 3671 590 3740 medendo
600 3697 641 3744 ac
657 3679 809 3746 suendo.'
857 3679 901 3747 Bt
915 3697 951 3744 vr
958 3697 981 3744 ι.
995 3685 1006 3717 ¹
1020 3680 1187 3758 Taberna,
1200 3681 1261 3745 abi
1272 3700 1328 3745 re·

237 3775 390 3851 niteam,
403 3775 551 3846 laniena:
567 3778 626 3843 ubi
638 3779 759 3862 pelles,
775 3781 990 3866 pellesrena3
1004 3782 1064 3848 nbi
1075 3782 1194 3861 calcei,
1201 3782 1329 3848 sutrina

238 3877 379 3945 dieitur!
423 3878 577 3945 Donatus
598 3879 633 3944 iu
652 3877 751 3948 Adel.
768 3899 817 3949 rr.
830 3883 864 3949 2.
885 3883 1052 3950 ‘Veteres
1064 3883 1223 3949 absolute
1237 3883 1329 3949 dice·

238 3981 318 4048 bant
345 3981 530 4066 pistrinam,
553 3988 593 4046 ut
615 3983 773 4050 sutrinam
799 3991 834 4052 et
854 3986 1063 4066 medicinam,
1086 3986 1130 4052 ad
1154 3985 1328 4052 tabarnarn

239 4081 435 4148 refereotan'
477 4083 650 4152 Charisius
678 4102 704 4149 1.
726 4087 931 4155 ‘Pistrinum
960 4093 1077 4153 neuim
1103 4087 1238 4166 dicitur,
1265 4089 1329 4154 sod

240 4181 392 4248 Lucilios
402 4183 576 4252 imminino
588 4188 727 4255 extulit:
744 4190 877 4260 Mediaz
892 4189 1083 4275 spintrias:
1099 4188 1142 4255 ad
1155 4190 1327 4256 tabernam
