2959 4875
216 326 281 393 218
566 340 727 391 nrcrros
750 338 959 391 caurensis

216 484 251 550 in
271 484 372 549 alium
396 482 530 549 modum
543 480 717 547 'formatis
761 482 937 548 Sentornm
957 480 1056 546 etiam
1083 488 1118 546 et
1140 481 1307 564 galearum

216 584 410 651 multiformi
424 578 550 667 specle,
560 582 754 647 horrendam
767 581 847 646 belli
861 581 980 645 sociem
995 582 1217 664 praebuerant.
1258 580 1308 650 At

215 686 275 750 ubi
291 686 359 750 triti
373 684 504 767 aliquot
516 678 601 758 dies,
617 688 654 745 et
663 680 759 745 miles
771 679 900 745 bellum
911 682 1016 763 cupit,
1029 681 1128 746 simul
1141 700 1218 746 cum
1232 683 1307 746 lnce

216 786 387 851 exercitus
399 782 507 849 omnis
523 782 620 864 signo
635 780 717 846 dato
740 782 776 845 in
798 780 951 864 praelium
973 780 1118 862 ducitur,
1141 782 1306 866 cumque⁸

157 872 163 887 '
216 888 270 952 his
283 886 433 969 Trojnni,
454 891 489 949 et
510 882 567 967 qni
589 884 677 948 intra
700 883 823 947 moenia
836 883 925 947 socii
939 881 1081 947 lucrant.
1125 882 1175 947 At
1188 890 1306 949 contra

216 986 329 1053 Graeci
344 984 495 1051 instructi
507 1002 570 1068 pro
584 988 733 1067 ternpore
748 982 906 1065 opperiri,
920 982 1085 1047 debilitati
1097 982 1306 1065 aliquantam

217 1089 372 1165 animos,¹
393 1092 482 1151 melu
496 1082 640 1167 ingentis
654 1092 757 1169 atque
779 1085 939 1165 incogniti
960 1084 1079 1149 hostis.
1121 1084 1226 1165 Igitur
1245 1085 1306 1149 nbi

215 1192 303 1255 intra
318 1188 377 1253 teli
395 1188 524 1270 jactnrn
539 1192 670 1250 ventum
685 1192 751 1264 est,
772 1191 842 1251 tum
856 1203 938 1250 vero
952 1184 1084 1250 barbari
1097 1184 1242 1249 clnmore
1255 1186 1307 1249 in·

215 1290 304 1371 genti
317 1308 357 1353 ac
373 1288 521 1364 dissono,
544 1286 656 1353 ruinae.
669 1286 705 1349 in
727 1284 863 1349 modum
882 1285 1088 1368 irrumpunt:
1110 1285 1213 1350 nostri
1226 1304 1306 1350 con·

215 1390 334 1453 firmati
357 1390 440 1461 inter
463 1402 512 1465 se,
534 1386 619 1452 salis
642 1385 782 1468 impigre
803 1384 872 1449 vim
893 1384 1038 1449 hostium
1060 1392 1306 1450 sustentavero.

216 1489 283 1555 Sed
307 1495 487 1573 postquam
502 1488 592 1552 ecies
607 1494 776 1552 renovatio
790 1492 891 1569 atque
905 1487 940 1550 in
954 1484 1102 1551 ordinem
1118 1485 1304 1552 reformatae

216 1596 302 1669 sunt,
325 1596 360 1654 et
367 1588 441 1674 jaci
455 1588 532 1653 hinc
550 1593 650 1672 atque
663 1588 740 1653 inde
754 1588 821 1651 tela
836 1604 983 1669 coepere,
999 1586 1121 1651 cadunt
1134 1588 1306 1671 utriusque

216 1690 384 1757 exercitus
408 1688 560 1772 plurimi:
583 1706 689 1771 neque
713 1686 862 1769 finisfit,
888 1685 999 1768 quoad
1024 1684 1183 1752 Memnon
1208 1705 1305 1751 curru

216 1798 346 1867 vectus,
370 1786 519 1853 adhibito
541 1806 653 1852 secum
668 1786 850 1851 fortissimo
863 1805 1006 1869 qnoque,
1027 1785 1155 1851 medios
1167 1785 1307 1853 Graeco·

215 1910 285 1957 rum
300 1888 441 1966 invadit,
462 1890 604 1971 primunr
619 1906 787 1972 quemque
802 1888 938 1952 obvium
953 1887 1108 1965 fundens,
1130 1892 1189 1953 aot
1211 1888 1307 1955 debi-

214 1992 324 2055 litans.
368 1988 424 2055 lta
432 1990 505 2073 jam
519 1989 692 2073 plurimis⁹
711 1994 893 2054 nostrorum
907 1987 1099 2065 interiectis,
1114 1989 1228 2068 duces,
1244 1990 1305 2056 nbi

213 2093 346 2156 fortuna
359 2090 439 2155 belli
454 2110 560 2169 versa,
580 2110 688 2173 neque
703 2090 920 2180 spesreliqna
935 2090 1001 2153 nisi
1015 2089 1051 2153 in
1065 2090 1143 2172 fuga
1157 2096 1219 2169 est,
1234 2092 1306 2156 vic-

214 2193 334 2257 toriam
349 2210 563 2257 concessere·
598 2191 650 2257 Eo
666 2189 719 2255 dic
733 2192 877 2257 incensus
893 2210 997 2256 naves
1012 2190 1217 2273 deletaeque¹
1232 2211 1305 2256 om·

214 2312 274 2359 nes
289 2292 406 2373 forent,
417 2296 451 2359 ni
467 2314 537 2360 nox
552 2292 735 2377 perfugium
750 2294 972 2358 laborantium
990 2293 1181 2373 ingruentes
1193 2292 1305 2358 hostes

214 2395 258 2460 ab
280 2396 427 2480 incoepto
443 2396 674 2461 cohibuisset:
695 2401 791 2460 tanta
812 2396 844 2459 in
868 2394 1046 2459 Memnone
1068 2392 1216 2458 bellandi
1238 2394 1303 2475 vis,

213 2495 411 2580 peritiaque,
422 2504 456 2561 et
468 2496 592 2561 nostris
608 2494 758 2562 adversm
773 2505 855 2560 1ch
887 2495 948 2580 [6.]
957 2495 1062 2578 Igitnr
1071 2494 1196 2575 Graeci,
1211 2504 1305 2579 post·

214 2616 312 2679 quam
327 2599 458 2680 requies
472 2603 535 2674 esi,
557 2597 702 2681 perculsi
719 2597 806 2661 inter
820 2617 870 2674 se,
891 2617 932 2661 ac
947 2615 1084 2661 summae
1099 2616 1205 2660 rernm
1220 2598 1304 2664 didi·

214 2695 340 2776 dentes,
364 2719 422 2782 pcr
437 2699 624 2763 universam
640 2703 773 2762 noctem
789 2718 874 2781 quos
889 2700 923 2761 in
937 2697 1028 2762 bello
1042 2699 1231 2775 amiserant,
1250 2719 1304 2763 se·

214 2799 348 2881 pellere.
392 2799 482 2864 Dein
495 2799 670 2863 consilium
685 2796 788 2863 futuri
803 2800 992 2864 certaminis
1005 2797 1178 2863 adversum
1196 2799 1306 2864 Meur-

213 2917 332 2963 nonem
355 2900 488 2964 ineant:
508 2917 549 2962 nc
573 2899 684 2982 placet
704 2905 794 2964 sorte
808 2899 884 2982 eligi
900 2918 1019 2964 nomen
1034 2899 1149 2964 ducis¹
1170 2919 1245 2965 cum
1261 2921 1303 2967 co

214 2997 378 3062 bellaturi.
406 2998 501 3062 Tunc
512 2997 740 3079 Agamemnon
756 2997 951 3066 Menelaum
965 3001 1118 3084 excipit,⁸
1132 3000 1302 3085 Ulyssem,

215 3098 432 3165 Idomeneum
441 3105 470 3165 :²
485 3099 681 3183 reliquorum
697 3115 773 3164 sors
787 3100 841 3182 agi
856 3107 981 3184 coepta,
997 3100 1133 3186 Ajacem
1147 3099 1304 3168 Telamo·

665 3277 847 3300 OOOWOM

215 3393 293 3442 halet
303 3392 397 3454 nelpt.
407 3391 520 3444 etim-e
538 3391 677 3444 Omittitnr
688 3395 713 3444 lu
724 3395 823 3459 Delph.
835 3395 925 3444 rocula
940 3409 985 3457 pru
995 3403 1053 3459 post
1062 3411 1115 3458 cusi
1125 3403 1154 3446 ei
1164 3411 1224 3447 mox
1232 3404 1258 3449 nl
1297 3353 1301 3361 Ι

215 3460 458 3520 postremae-a
475 3457 570 3522 Delph.
579 3458 722 3521 primia-1
741 3459 837 3523 Delph.
848 3460 986 3524 musaque
996 3464 1125 3511 annaei
1142 3462 1235 3526 Delplr.
1262 3467 1303 3514 de·

702 3615 810 3667 NO'l'AE

245 3706 512 3770 'Dedititniioaiarofl
530 3705 738 3772 Subintelligitur
778 3708 851 3760 idem
862 3710 1004 3761 Cedrenus.
1037 3710 1087 3760 Sed
1102 3713 1304 3766 exbocnosrro·

213 3781 363 3848 praeporitio
379 3779 459 3843 ‘per’
476 3782 517 3830 vel
532 3781 600 3831 urard.
809 3783 1302 3850 *Ammondleaslmmipiqdle-

244 3856 406 3907 rEtaeatrir
413 3857 512 3906 dures
521 3856 572 3920 m]
598 3857 737 3923 Scripsisse
776 3860 1081 3923 nelslscrtemextraxll3
1093 3862 1304 3925 Ulyssisldotne·

213 3931 304 3982 debuit
313 3930 469 3993 Dictys,‘et
480 3931 573 3980 nostris
583 3939 635 3982 tum
645 3933 738 3984 adrer-
776 3936 1021 4004 secundianorum
1038 3937 1092 3987 alii.
1125 3936 1177 3986 Sed
1193 3937 1302 4001 Ajacem

214 4021 249 4056 sa
270 4005 331 4055 reo!
371 4004 403 4055 ld
426 4005 494 4056 eninr
518 4006 648 4084 scribendi
670 4010 737 4062 ratio
777 4023 832 4059 rom
849 4010 958 4073 delegit,
975 4011 1073 4076 quippe
1091 4025 1151 4076 qun
1169 4014 1260 4063 ultima
1273 4016 1301 4066 in

213 4081 315 4130 clamat.
777 4084 968 4147 galesrestitlt.
1001 4085 1305 4142 Erttsutcloersimei-

246 4154 307 4205 ¹Ac
325 4155 401 4218 placet
418 4161 481 4205 sorte
500 4157 736 4222 saginemus]
776 4161 892 4226 ligandas
903 4168 953 4214 est.
