2959 4875
405 360 454 407 nu
479 358 598 407 nunno
620 360 792 411 unnrsrro
817 362 890 411 nro.
913 364 947 411 v.
1154 352 1218 416 241

134 498 236 565 simui
261 498 418 581 gemitum
445 499 556 575 edunt,
585 500 756 567 tendentes
782 502 827 567 ud
855 504 979 569 coelum
1006 525 1136 587 manus,
1161 528 1218 574 an·

135 600 352 682 nuere;³‚tut
367 598 518 664 adversis
538 601 635 665 rebus
658 600 852 668 Priamumt
873 605 1061 687 singniirel
1083 610 1168 674 iuter
1181 630 1218 675 so

135 718 246 765 omnes
259 700 358 765 finem
371 700 574 765 miseriarum
589 700 813 785 deprecantes.
856 703 912 769 Ad
932 712 1134 789 postremum
1154 729 1219 775 nno
1267 765 1285 778 ,

138 818 196 863 cre
217 801 356 883 petriam
384 800 610 866 redimendam
631 802 787 867 clement.
830 802 871 868 Iu
893 806 970 890 quis
990 806 1146 873 Priamus
1170 809 1219 874 di-

137 898 265 963 lanians
289 905 392 983 ceput
411 901 491 965 fletu
510 918 610 983 quarn
633 901 830 978 miserabili,
858 922 924 968 non
947 905 1056 970 solnm
1077 907 1148 991 jam
1170 928 1220 987 se,

137 998 197 1091 uit,
213 998 367 1065 hostibus
388 1001 495 1079 odio‚⁴
516 1020 629 1066 verum
653 1002 724 1067 suis
743 1002 877 1068 bostem
897 990 1071 1072 effectum:
1093 1010 1219 1092 qnippe

138 1099 272 1164 coinon
286 1101 414 1167 amicus
428 1106 551 1179 enteu,⁰
572 1120 639 1166 non
659 1104 876 1187 propinquus,
894 1124 962 1169 non
983 1106 1123 1190 denique
1137 1110 1221 1173 ciris

137 1198 278 1265 inveniri
299 1208 423 1285 posset,
440 1202 497 1285 qni
516 1202 672 1267 aernmnis
692 1204 763 1267 suis
781 1205 1022 1285 ingemisceret.
1066 1206 1221 1293 Namque

138 1306 275 1381 optasse
286 1304 434 1368 baecnon
445 1322 528 1367 nuuc
539 1301 681 1381 demum,
693 1306 906 1371 vernmrivis
917 1305 1220 1391 Alexandrumque

137 1399 285 1467 Hectore
299 1404 352 1485 agi
370 1408 493 1487 crupta.
535 1403 604 1468 Sed
622 1405 777 1487 qnoniam
791 1408 957 1488 praeterita
968 1426 1124 1473 revocare
1136 1408 1221 1473 nulii

138 1519 335 1567 concessum
349 1510 411 1581 est,
425 1504 635 1587 proruentium
650 1504 847 1576 habendam.
864 1506 1046 1590 futurisque
1060 1507 1221 1573 adhiben-

138 1601 217 1666 dam
241 1604 425 1668 ruticuem.⁵
469 1604 514 1669 Se
539 1622 682 1686 namque
705 1604 852 1669 omnium
865 1623 941 1686 quae
959 1605 1099 1671 baberet
1117 1604 1159 1670 ad
1172 1626 1223 1670 re·

138 1701 333 1769 demtionem
363 1705 481 1788 patriee
500 1710 703 1787 potestatem
725 1703 825 1768 dare:
857 1722 958 1786 quam
974 1723 1043 1780 rem
1062 1704 1224 1771 Antenori

140 1805 300 1885 agendam
322 1804 519 1888 permittere.
563 1802 717 1868 Ceterum
731 1821 768 1867 so
790 1804 948 1886 quonium
966 1802 1045 1870 odio
1062 1804 1137 1889 jam
1151 1806 1223 1871 suis

64 1940 73 1955 ·
138 1909 237 1981 esset,
247 1904 339 1969 abire
353 1925 374 1969 e
386 1909 582 1987 conspectu,
596 1904 848 1969 consentientem
859 1904 915 1969 bis
926 1924 1003 1988 quae
1018 1904 1103 1969 inter
1117 1924 1155 1969 se
1165 1905 1224 1970 de·

139 2010 317 2070 comerent
360 2005 418 2085 [4.]
439 2003 525 2069 'l'nm
541 2011 697 2087 separato
712 2023 800 2085 repe,
813 2005 923 2088 placet
941 2006 995 2070 uti
1016 2004 1165 2071 Antenor
1179 2010 1224 2072 ad

140 2104 281 2171 Graece
295 2104 420 2181 redeat,
438 2104 646 2187 exploratum
658 2103 862 2169 retentorem
875 2112 1015 2184 certam,
1030 2105 1225 2190 adjunctus·

140 2224 202 2288 que
215 2206 259 2283 ei,
274 2205 325 2269 uti
340 2204 500 2283 voluerat,
514 2204 661 2283 AEnees;
688 2205 736 2269 ite
757 2207 946 2288 composita
964 2224 1013 2277 re,
1027 2205 1225 2273 disceditur.

141 2302 207 2367 Sed
221 2303 333 2369 mcdiu
347 2304 450 2369 sermo
471 2312 578 2381 nocte,
596 2304 726 2368 Helena
746 2305 832 2369 cium
848 2304 893 2368 ad
906 2302 1109 2370 Antenorem
1123 2306 1225 2384 veuit,

141 2404 313 2488 suspicans
328 2404 414 2469 tradi
429 2424 465 2468 ee
480 2404 659 2481 Menelaeo
672 2405 764 2473 ereb
780 2402 814 2468 id
828 2404 913 2469 iram
924 2404 1090 2472 derelictae
1104 2405 1225 2470 domus

141 2510 309 2568 metuener
331 2506 444 2588 itaque
458 2512 632 2580 comeret,
647 2505 694 2566 uti
705 2505 790 2567 inter
803 2510 915 2568 cetera
929 2505 983 2568 sui
994 2524 1125 2589 quoqne
1134 2507 1226 2588 apud

143 2601 282 2671 Grecos
297 2605 635 2670 commemorationem
650 2603 784 2681 feceret,
798 2621 840 2668 ee
854 2621 916 2686 pro
932 2621 970 2666 se
984 2602 1225 2688 deprecaretur.

593 2795 772 2822 autumno

145 2927 199 2984 pair
210 2935 270 2978 rnre
281 2933 317 2976 tot
324 2942 335 2986 ,·
350 2927 464 2978 correxit
476 2927 605 2977 Obrecht.
616 2941 648 2976 er
661 2927 734 2978 Med.
747 2926 861 2977 cod-t
878 2926 975 2990 Delpb.
985 2931 1014 2975 et
1025 2926 1095 2991 reip.
1105 2927 1159 2974 odie
1168 2927 1225 2988 diis,

146 2992 235 3042 carim
246 3005 309 3042 voce
326 2992 371 3054 rit,
386 2991 458 3041 Med.
470 2991 534 3042 cod.
546 2991 651 3041 icrtiber
661 2993 822 3043 dicem-d
840 2989 936 3055 Deipb.
953 2989 1008 3041 ro.
1024 2988 1111 3049 reas.
1127 3005 1151 3051 p.
1168 3006 1226 3039 e.-

631 3145 737 3198 NOTAE

175 3269 187 3295 ¹
202 3261 329 3319 Aemrer
349 3265 384 3310 tot
394 3260 500 3309 edmeir
515 3257 583 3307 rebar
595 3257 667 3306 Prie·
705 3255 817 3306 renrirre
829 3254 973 3312 ridebatur,
983 3267 1042 3304 cum
1050 3253 1176 3305 Heieuenr
1188 3269 1227 3303 re·

147 3335 215 3401 nen]
239 3335 372 3386 Historiae
387 3333 580 3384 diameterrit.
613 3329 665 3381 seri
707 3329 1059 3393 tinnituruquamelicrissc.
1093 3328 1227 3378 Porsiere·

148 3410 245 3460 tardem
257 3423 343 3460 rerum
355 3408 413 3473 ejne
426 3422 528 3458 sensum
540 3406 667 3458 inveniere
706 3417 765 3454 meu
785 3408 814 3453 et
835 3403 912 3454 eiiter
932 3402 1085 3466 iuteitipere.
1118 3402 1127 3429 ⁴
1136 3403 1229 3452 cuncti

148 3499 186 3535 me
198 3492 268 3549 puto,
279 3485 321 3549 qni
334 3484 394 3533 trite
404 3492 458 3534 est:
471 3481 582 3533 ‘Cuncti
592 3479 667 3531 simui
707 3474 844 3526 tendentes
853 3474 886 3525 ad
896 3474 988 3524 coeinm
999 3489 1095 3532 mruur.
1105 3477 1227 3539 gemitum

148 3559 266 3622 remitum
278 3558 367 3618 edunt,
377 3557 470 3622 singuli
480 3558 520 3606 ret
531 3569 618 3606 unruer
628 3554 668 3604 iu·
706 3549 844 3613 edunt‚tot
852 3549 1166 3602 sdrerrireebusebuuere
1172 3550 1229 3600 Pri·

147 3640 186 3683 ter
195 3647 223 3684 re
234 3631 404 3697 deprecantes
412 3632 543 3681 Priamum
554 3631 668 3680 abunere
707 3623 809 3674 terrun.¹
841 3623 872 3674 id
890 3625 1020 3690 eraquod
1036 3625 1153 3676 Priernus
1170 3631 1229 3688 port

147 3713 184 3757 tot
195 3705 270 3756 rebne
280 3705 408 3768 adversis,
418 3711 446 3755 et
460 3703 630 3768 deprecantes
639 3702 668 3752 d·
706 3705 746 3749 tut
756 3712 798 3758 ree
814 3699 1009 3761 adremmon
1026 3702 1184 3751 consentiret
1194 3701 1228 3749 iie

148 3797 202 3832 nem
210 3781 384 3834 miseriarum)
398 3782 457 3834 Vox
469 3775 670 3843 ‘deprecantes'
707 3787 765 3839 que
775 3772 931 3824 dicerentur.
946 3774 997 3823 Sed
1008 3775 1079 3837 prior
1089 3771 1228 3836 explicatio

148 3856 242 3908 duubur
258 3855 407 3921 predicaris
424 3854 547 3914 tererem
572 3853 605 3903 de
616 3865 667 3916 qno
707 3849 803 3915 potior,
813 3855 843 3896 ut
854 3862 887 3897 ex
897 3848 1062 3910 sequeutibur
1074 3848 1164 3911 iiquet.

145 3931 195 3994 jem
206 3931 266 3982 aiibi
276 3932 388 3997 uterere.
414 3926 570 3980 ‘Abnuere'
581 3932 668 3976 eutem
738 3929 751 3956 ⁰
765 3921 861 3972 Am
869 3919 952 3982 netes]
968 3921 1023 3971 1.ir
1034 3921 1078 3986 qui
1087 3925 1164 3970 enter
1172 3926 1230 3969 eret

146 4007 238 4057 ‘rebus
247 4002 669 4071 advenir'dixitprueisreepcu·
707 3995 813 4048 amicus.

149 4096 248 4144 errare
263 4083 301 4132 eir
312 4095 466 4148 ¹opponerer
492 4077 552 4145 qnia
568 4073 670 4125 seilicet
739 4077 753 4112 Ρ
772 4068 845 4121 irrui
858 4082 884 4120 er
895 4066 1015 4131 rimie]
1039 4067 1071 4119 id
1088 4075 1137 4129 est,
1151 4067 1229 4122 tradi·

147 4157 261 4208 Priamus
271 4157 302 4207 iie
314 4172 392 4221 reque
403 4157 435 4207 ed
448 4155 520 4208 iiinrn
531 4152 598 4204 diem
610 4161 670 4201 con·
693 4155 765 4197 unm
776 4145 817 4199 iri..

210 4234 295 4299 nepa
305 4241 327 4285 ct
340 4237 397 4288 Ver.
409 4238 474 4288 Ciue-
624 4227 692 4280 Dee.
706 4227 773 4276 Cret.
1141 4225 1166 4276 Q
