2959 4875
303 752 412 841 ns
467 756 625 849 1L11
678 758 1058 873 uxorum,

370 1020 443 1084 ux
458 1020 681 1088 anschiso
710 1024 993 1104 scscrcuao
1117 994 1121 1000 ’

258 1190 313 1241 DE
347 1194 663 1249 EMENDA'HONE
694 1196 934 1252 'remonuit
967 1200 1046 1252 uls.
1074 1201 1105 1251 V.

534 1408 834 1421 n*

19 1620 20 1625 ’
139 1592 374 1685 Posramros
403 1640 509 1686 annos
532 1622 672 1707 Mythici
701 1625 857 1706 temporis
883 1630 1012 1689 cataras
1040 1626 1226 1708 Scriptores

138 1723 284 1785 certatim
298 1722 432 1786 definire
449 1724 632 1801 volucrunt,
646 1723 738 1806 quod
755 1724 824 1788 sint
839 1726 1008 1790 memorias
1031 1725 1228 1809 scriptorum

136 1824 295 1903 proximi,
307 1830 346 1886 nt
361 1824 477 1887 scribit
491 1822 701 1887 Censorinus.
723 1823 791 1887 Sed
801 1844 904 1907 quaro
919 1828 993 1910 ipsa
1006 1845 1066 1892 eos
1081 1825 1228 1889 deducat

136 1922 178 1985 ab
203 1922 324 1987 Inachi
346 1943 448 2005 ragno
470 1922 513 1989 ad
543 1926 685 2008 primam
708 1922 956 2007 Olympiadem,
984 1944 1051 1989 nou
1073 1930 1183 1989 autom
1205 1942 1228 1989 a

135 2029 234 2105 capto
251 2021 330 2099 Ilio,
344 2032 383 2088 ut
398 2024 529 2106 reliqui,
545 2041 684 2089 causam
699 2043 766 2088 non
781 2026 891 2107 capio.
937 2025 1016 2090 Nou
1030 2030 1146 2107 potest
1159 2023 1227 2089 dici

136 2140 232 2203 qnam
246 2125 352 2210 uariis
371 2124 511 2207 judiciis
525 2126 567 2190 lis
591 2126 758 2203 ventilata
771 2125 826 2189 sit.
870 2126 915 2191 Et
928 2123 1062 2208 quidam
1078 2122 1226 2189 omnium

136 2224 316 2287 sententias
333 2226 367 2288 in
391 2224 532 2288 medinm
553 2224 669 2290 afferro
684 2226 899 2290 ambitiosum
914 2232 977 2291 ast.
999 2224 1124 2308 Neque
1139 2224 1228 2287 anim

136 2342 258 2388 errores
273 2325 404 2389 alienos
418 2327 668 2407 triumphamus,
684 2326 745 2389 scd
759 2332 919 2408 quantum
939 2330 1053 2411 potest
1066 2324 1139 2388 ficri
1162 2325 1227 2389 tci-

135 2423 244 2489 iimns.
289 2423 342 2488 Ea
356 2425 457 2505 igitur
471 2433 522 2490 cst
534 2422 765 2491 Totraetcridis
780 2425 911 2492 Graecae
931 2425 1168 2502 commoditas,
1189 2430 1227 2490 ut

135 2540 177 2588 ax
193 2525 250 2589 dia
274 2527 400 2588 mensis
429 2525 555 2590 sciatur
577 2533 685 2607 quota
710 2525 756 2589 sit
777 2525 950 2608 Prytania,
974 2525 1077 2589 modo
1097 2527 1227 2590 constat

136 2631 258 2708 quotus
275 2628 319 2689 sit
341 2645 448 2690 annus
470 2625 706 2690 Tchoeteridis.
751 2624 885 2703 Contra,
900 2625 990 2690 datis
1004 2624 1123 2689 dicbus
1135 2641 1227 2688 mon·

136 2727 182 2790 sis
197 2733 231 2790 ct
245 2725 438 2809 Prytanias,
453 2725 720 2807 deprehanditur,
737 2734 864 2807 quotus
884 2727 928 2790 sit
943 2744 1052 2788 annus
1062 2725 1226 2789 'retracta-

133 2825 226 2892 ridis.
269 2824 372 2889 Utin
392 2824 538 2889 Dacrato
559 2823 817 2888 Atheniensium
841 2825 877 2888 in
900 2825 1039 2906 gratiam
1056 2824 1225 2890 Zenonist

134 2927 201 2989 Ἔτ’
214 2923 360 3011 Αρῥπῖδου
387 2921 535 3008 ἄρχοντος,
561 2923 605 2986 ht
625 2929 674 3000 τῆς
695 2921 900 3004 Ἀκαμαντίδος
911 2921 1039 3004 τὸμπης
1051 2921 1227 3010 τςντανιῖας,

138 3033 401 3113 Μαιμακτηριῶνος·
422 3023 522 3111 δεκάτῃ
549 3021 664 3109 ὕστίρᾳ,
683 3023 764 3109 τρίτῃ
786 3025 834 3086 καὶ
854 3029 967 3110 εἰκοστῇ
980 3029 1029 3099 τῆς
1052 3026 1226 3109 πρυτανείας.

137 3129 182 3192 Ut
204 3131 368 3193 vicesima
381 3129 506 3191 mensis
521 3125 802 3190 Marmactcriouis
817 3125 991 3208 popularis
1005 3125 1051 3188 sit
1064 3125 1225 3190 vicesima

136 3229 231 3293 tertia
246 3227 509 3312 Prytanimhoc
524 3245 591 3290 uon
604 3233 722 3310 potest
737 3227 926 3308 contingere
933 3225 1000 3288 nisi
1014 3242 1101 3289 auno
1116 3225 1224 3307 primo

135 3327 372 3394 Tetroetcridis.
415 3327 511 3390 Tunc
534 3327 624 3390 onim
641 3341 784 3391 xxvru.
806 3323 1052 3409 Pyanepsionis
1065 3323 1225 3388 minori·

134 3430 267 3493 lunium.
315 3426 397 3491 Ideo
415 3441 484 3489 xx.
507 3425 794 3492 Maemactcrionis
815 3431 868 3491 cst
888 3437 1008 3487 xxru.
1036 3421 1224 3505 Prytanins‚

136 3549 231 3612 quare
241 3526 405 3592 audacter
413 3543 590 3609 possamus
600 3524 984 3603 dicerc,iiluddocrotum
994 3522 1108 3587 datum
1116 3522 1222 3588 saissa
1316 3511 1323 3520 ’

137 3647 219 3691 nono
234 3627 346 3710 primo
360 3625 588 3690 Tatraetcridis
602 3623 736 3689 Atticm.
780 3622 883 3701 Quod
897 3624 928 3687 si
938 3628 1042 3706 quota
1056 3631 1146 3686 essct
1158 3623 1224 3688 Το-

135 3728 271 3811 tracteris
292 3725 423 3807 periodi
440 3725 564 3791 Atticm
580 3727 754 3801 sciremus,
766 3730 801 3788 at
818 3723 906 3787 diam
920 3741 1033 3787 rernm
1046 3723 1081 3784 in
1096 3721 1223 3786 Kalen·

136 3829 224 3894 dario
254 3826 393 3892 Juliano
417 3826 494 3890 dara
522 3843 712 3910 possamus.
757 3825 879 3913 linqua
902 3822 1053 3890 ridemus
1078 3841 1153 3904 quai
1179 3824 1224 3912 sit

19 3909 20 3920 ³
134 3929 260 3994 utilitas
283 3927 362 3991 anni
376 3923 486 3990 Attici
501 3933 534 3989 et
559 3923 729 4010 Olympici
744 3924 788 3988 ad
810 3922 1017 3986 notationem
1036 3926 1222 4002 temporum

134 4032 275 4094 inrchus
291 4026 451 4091 Graecim.
495 4023 607 4103 Quare
616 4026 780 4107 ignoratio
795 4023 893 4089 istius
907 4023 1024 4102 formai
1039 4039 1102 4084 nou
1113 4021 1222 4086 sotum

134 4129 204 4195 huic
226 4127 367 4204 cuculo,
385 4125 445 4190 scd
459 4131 492 4190 ct
503 4125 623 4216 priscis
643 4125 851 4209 temporibus
864 4123 1020 4189 nocebat·
1062 4119 1118 4186 Ex
1140 4120 1222 4188 doc·
