2959 4875
360 344 411 391 nn
435 340 611 391 ursronrr
639 340 749 389 unum
771 340 948 389 rnorem.
1148 326 1193 389 45

100 488 229 567 Greci,
242 487 368 571 quippo
378 504 468 569 quos
478 486 562 551 inter
575 502 671 549 rurus
685 485 819 551 omnino
831 445 906 549 eret
918 485 1086 551 literarum
1100 506 1191 553 usus.

99 588 316 672 Acoepernnt
336 605 396 651 ens
418 604 462 649 ex
485 586 671 660 Phoenicio,
697 606 783 669 qnos
804 593 919 652 unctor
947 586 1094 652 Punicus
1114 583 1194 654 ideo

102 689 197 765 dicit,
213 695 247 753 et
259 698 384 771 preter
398 706 483 770 ques
506 687 616 752 nulius
639 686 687 750 illi
704 687 793 751 alius
812 687 979 753 habebunt
992 696 1053 755 unt
1066 700 1194 756 norom.

104 789 274 868 Quocirca
293 788 377 871 qnid
401 806 490 869 opus
511 793 583 851 erut
607 788 660 851 sni
685 790 848 873 temporis
873 788 1035 868 homiues,
1052 810 1195 877 qnorum

104 898 217 955 tumen
230 890 318 955 ratio
332 889 481 953 maxime
495 888 668 954 hubotnru
683 888 925 973 Scriptoribus,
939 912 1087 971 mouere,
1101 914 1139 963 se
1155 898 1198 963 iis

105 992 211 1057 literis
226 1010 337 1068 usum,
349 1010 427 1074 quoe
437 990 518 1054 sulm
532 998 611 1055 tunc
625 990 794 1055 illiserunt
807 995 920 1056 notui
935 1035 943 1053 .
966 994 1089 1063 Nonne
1103 1000 1199 1085 inop-

108 1099 165 1157 tus
178 1100 269 1159 esset
282 1091 394 1168 hodie,
408 1090 468 1173 qui
483 1090 619 1155 doceret
632 1092 789 1168 lectores,
815 1110 854 1156 se
875 1092 992 1158 librum
1007 1116 1105 1163 snum
1128 1100 1201 1167 odi·

109 1194 211 1273 disse,
226 1202 296 1259 orte
310 1190 554 1277 typographica
563 1210 739 1270 excusum,
754 1210 830 1276 quse
844 1192 1033 1263 inventerit
1047 1208 1124 1267 onte
1134 1204 1200 1269 hos

110 1294 274 1363 ducentos
288 1302 324 1359 et
338 1291 577 1377 quinquaginta
589 1291 691 1357 forme
700 1294 835 1357 annosi
878 1295 944 1361 Sed
958 1302 1055 1379 entis,
1068 1306 1200 1387 opinor,

112 1402 207 1480 petet
215 1396 368 1471 cuilibet,
376 1392 534 1458 inculcari
542 1389 828 1477 hoecnonTrojuni
835 1398 995 1479 temporis
1002 1401 1203 1488 bominibus,

114 1496 172 1561 sed
182 1498 266 1575 iilis,
277 1498 337 1581 qui
348 1496 460 1560 multis
471 1493 605 1557 seculis
618 1504 700 1576 pest
712 1495 869 1559 vixerunt
879 1505 1028 1582 tompore
1044 1502 1203 1586 Neronis,

113 1599 462 1663 utscilicotrotionem
472 1595 1206 1681 quendumhoberentquarehaechistoriuin

115 1699 225 1765 inoem
247 1707 329 1765 tunc
346 1696 517 1783 prodiens,
531 1715 680 1761 sermone
694 1696 794 1761 inerit
809 1698 933 1765 Groeoo
948 1707 1149 1789 compositu,
1171 1714 1207 1772 et

116 1806 226 1865 tamen
249 1800 387 1865 Punicis
408 1798 526 1875 literis,
548 1817 625 1881 qne
649 1804 728 1863 tnnc
753 1799 895 1863 multum
917 1802 1063 1870 diversor
1077 1814 1206 1875 oronte

117 1900 262 1978 Groecis,
279 1902 419 1983 scripte.
462 1899 516 1963 De
541 1896 737 1965 ‘S'ermone'
766 1918 843 1964 vero
868 1904 959 1984 quod
980 1907 1038 1984 uit,
1061 1916 1208 1974 sumtum
1228 1903 1232 1908 ⁴

118 2003 154 2067 id
169 2020 222 2067 est
236 2022 282 2069 ex
296 2002 452 2067 Homero
468 2000 590 2087 Odyss.
606 2011 641 2067 Τ.
656 2003 732 2067 175.
748 2003 807 2067 nbi
822 2003 864 2067 de
878 2003 990 2072 Cretes
1004 2009 1123 2074 incolis
1145 2011 1208 2089 nit,

114 2102 210 2181 Ἀλλη
236 2106 257 2166 δ’
270 2105 369 2167 rimu
379 2109 506 2187 γλῶσσα
518 2100 689 2188 μιμιγμένη,
701 2109 713 2140 ⁴
723 2103 791 2168 alin
802 2104 942 2170 eliorum
958 2116 1012 2173 est
1032 2110 1146 2194 lingue
1157 2112 1210 2176 in·

120 2216 172 2271 ter
192 2226 229 2271 se
255 2206 445 2290 permixta-¹
486 2204 610 2269 Vemm
632 2206 705 2271 broc
731 2206 773 2270 de
794 2206 959 2273 Dialectis
972 2211 1105 2293 exiguus
1120 2232 1211 2296 pror-

122 2328 180 2373 sus
191 2308 428 2393 discrepantiae
442 2308 479 2372 in
492 2307 754 2391 pronunciando,
765 2308 877 2391 qualis
890 2312 993 2375 etiem
1007 2312 1107 2377 hodie
1126 2316 1213 2379 inter

15 2434 16 2448 ¹
124 2410 300 2495 proximos
314 2410 411 2476 unius
430 2408 548 2479 Gentis
564 2409 662 2474 urbes
676 2410 872 2495 plerumque
886 2412 1057 2494 reperitur,
1072 2423 1149 2480 sunt
1162 2416 1213 2480 in-

123 2513 313 2596 telligendu,
337 2517 376 2576 nt
399 2513 475 2595 ipse
495 2521 612 2578 censet
641 2512 850 2578 Eustnthins.
894 2512 1104 2598 Neutiqnum
1135 2537 1213 2600 ergo

126 2615 291 2680 debebunt
305 2611 419 2679 Graeci
440 2621 614 2697 propterea
628 2615 696 2677 dici
719 2613 881 2677 ‘diverso
901 2613 985 2678 inter
1006 2635 1043 2679 se
1065 2634 1217 2682 sermone

126 2717 243 2799 agere}
260 2723 320 2780 eut
334 2713 501 2788 inritatio
515 2715 640 2778 oboriri
654 2714 780 2778 homini
802 2714 901 2778 istius
918 2716 1077 2798 temporis
1089 2716 1217 2799 niiqnid

126 2816 263 2901 pubiioe
288 2815 463 2900 scripturo,
484 2815 616 2900 qualem
636 2815 768 2899 praefert
786 2822 901 2879 noster
924 2816 985 2880 lib.
1001 2833 1034 2880 v.
1050 2816 1102 2881 17.
1116 2837 1218 2881 usum

127 2939 164 2986 se
177 2919 361 2984 ‘Oratione
376 2915 434 2982 su’
448 2922 600 2994 testatus,
616 2921 735 3000 ‘quum
751 2917 897 2983 maximo
908 2917 995 2982 inter
1005 2925 1075 2982 tum
1086 2917 1220 2983 diversa

128 3019 288 3106 loquendi
301 3037 422 3104 genero
433 3019 592 3102 consequi
606 3037 647 3083 no
669 3017 944 3102 comprehendero
957 3017 1128 3102 potuerit,’
1142 3039 1220 3083 cnm

129 3126 245 3208 ntique
259 3141 305 3185 ex
323 3120 413 3184 omni
427 3118 563 3185 Graecio
575 3119 730 3186 homiues
744 3127 824 3186 tunc
845 3119 968 3185 suerint
981 3121 1039 3184 din
1061 3122 1097 3185 iu
1117 3139 1221 3185 nuum

131 3221 384 3308 expeditionem
400 3219 582 3304 coniuncti,
596 3227 631 3285 et
645 3222 731 3286 ulter
745 3221 885 3286 ultorum
899 3220 1060 3286 facillime
1073 3221 1223 3286 intellex-

132 3326 228 3402 erint,
243 3327 281 3386 nt
296 3321 447 3386 hominos
470 3321 566 3386 unius
591 3322 713 3404 lingum
737 3322 856 3386 solent.
901 3323 1019 3404 Longe
1038 3321 1225 3407 mojoriuit

134 3421 360 3508 discrepantia
379 3421 579 3487 elocutionis
604 3421 749 3499 Graecus,
763 3423 797 3487 in
823 3423 935 3487 varies
959 3431 1037 3490 tnnc
1062 3424 1225 3488 disiectos

135 3526 314 3602 distinctae,
336 3522 471 3606 qusrmo
491 3523 605 3590 Grmci
626 3523 707 3607 jam·
721 3529 813 3589 orent
831 3527 943 3608 sparsi
963 3545 1029 3590 non
1049 3543 1111 3609 per
1124 3530 1226 3589 totum

118 3627 239 3714 ,modo
253 3625 437 3700 Greecinm,
450 3625 485 3689 iu
498 3625 685 3690 latissimos
699 3623 829 3690 tandem
845 3625 927 3690 iines
937 3625 1102 3703 diffusum,
1115 3625 1174 3689 sed
1193 3629 1229 3688 et

138 3731 171 3794 iu
191 3727 310 3794 Anium
326 3724 498 3804 minorem,
512 3727 546 3789 in
559 3726 705 3805 italiam,
718 3732 754 3790 et
765 3724 927 3791 Siciliam.
969 3727 1092 3811 Neque
1112 3733 1227 3790 temon

142 3833 186 3898 its
201 3838 279 3894 tunc
304 3827 478 3894 hoesitnvit
502 3828 711 3904 Herodotus,
741 3827 913 3891 historiam
947 3847 1042 3892 suum
1069 3827 1231 3901 editurus,

145 3931 260 3998 Ionica
273 3928 359 3994 licet
373 3927 519 3993 niumm
532 3935 677 3994 uteretur
691 3929 775 3991 inter
788 3927 1008 3993 Athenienses
1022 3935 1057 3991 ot
1076 3925 1232 3990 'l'trnrios

146 4033 209 4098 Sed
231 4029 325 4097 hond
348 4027 452 4094 dnbio
466 4029 633 4095 affectavit
652 4027 776 4112 Dictys
794 4035 908 4093 noster
920 4027 1087 4093 obsoletus
1102 4031 1136 4090 et
1149 4025 1234 4089 outi-

33 4151 34 4160 *
148 4141 258 4217 quutns
266 4135 356 4218 J'sm,
374 4131 460 4198 sorte
482 4137 516 4197 et
537 4131 726 4216 peregrines
745 4130 945 4209 locutiones,
959 4137 997 4194 nt
1017 4128 1064 4194 its
1086 4127 1234 4213 speciem
