2959 4875
338 361 492 410 roenrnr
519 355 645 412 {scrut
671 359 719 409 nrr
745 361 865 410 nanno
889 362 993 411 uuor.
1020 362 1068 410 rr.
1196 346 1261 412 eat

168 501 216 568 At
229 503 369 586 sonipes
383 505 483 568 animi
498 523 565 568 uon
580 513 777 588 argumenta
792 506 929 588 superbi

169 601 278 669 iratae
293 605 390 670 iterat
405 623 520 684 voces,
535 625 599 672 non
610 606 747 691 pulvera
761 615 863 692 capto

168 705 375 788 Multiplicat
389 725 554 791 suspensa
567 707 633 774 levi
648 709 791 791 vestigio
806 728 900 792 gyro,
1218 713 1262 778 lt)

168 805 250 872 Non
262 807 370 872 fremit
384 805 557 880 incertum,
570 809 629 874 sed
644 818 718 875 tota
732 811 936 893 immergitur
951 811 1040 876 ervis

168 906 314 992 Ungula,
330 909 569 995 summittitque
583 911 742 994 equitem,
756 912 972 997 aurigamque
987 931 1129 998 perosus

166 1008 301 1074 Avertit
315 1011 403 1076 collo
418 1011 583 1079 venientia
598 1012 705 1078 sreena
718 1013 857 1080 reflexo.

167 1109 368 1176 Stridentem
381 1113 456 1178 litui
470 1115 640 1195 gemitum,
652 1113 827 1179 stridentia
844 1113 985 1179 reddunt

165 1211 189 1276 J
192 1231 271 1278 ussa
282 1213 383 1290 tuboe,
393 1213 540 1298 nullique
551 1221 669 1281 sonant
681 1233 749 1280 nou
763 1216 858 1282 triete
874 1215 1047 1281 tumultus.
1219 1217 1263 1282 15
1319 1202 1328 1216 ’

166 1312 262 1377 Talia
274 1315 308 1378 in
324 1315 482 1380 aduersae
494 1315 630 1382 trahitur
642 1315 728 1382 duce
739 1316 920 1382 Memnone
932 1323 1059 1382 turmae

168 1414 297 1480 Moeeta
313 1415 480 1500 Phrygum
494 1419 615 1501 pubes,
631 1426 776 1502 poscunt
791 1437 949 1496 remeare,
967 1425 1164 1503 negantque,

167 1515 402 1602 Venturueque
417 1519 547 1584 Hector
559 1537 691 1604 semper
704 1525 781 1604 poet
795 1527 887 1603 terga
902 1520 1044 1585 uidetur.

168 1616 323 1697 Qualiter
334 1619 473 1704 Hyblaei
486 1621 614 1687 mellita
627 1621 778 1704 pericula
791 1640 886 1704 reges

167 1720 205 1783 Si
220 1720 322 1802 siguis
336 1721 437 1786 iniere
453 1721 551 1801 datie,
566 1723 696 1788 labente
711 1730 850 1808 tyranno
1218 1726 1262 1789 20

167 1820 346 1900 Alterutro,
360 1823 479 1889 viduos
490 1823 571 1890 dant
584 1825 716 1910 agmina
731 1825 869 1892 stridula
882 1831 1032 1910 questus,

167 1922 212 1988 Et
227 1925 374 1989 subitum
389 1925 447 1989 vix
462 1933 559 1993 nacta
573 1927 693 1992 ducem
707 1928 888 1992 metuentia
902 1927 1034 1992 uibrant

166 2024 316 2108 Spicula,
331 2031 365 2092 et
380 2027 507 2092 imbelli
519 2039 665 2094 remeent
678 2029 712 2093 in
727 2027 846 2112 pralia
859 2034 976 2092 rostro.

208 2127 352 2210 Jamque
367 2125 493 2212 Argiue
507 2127 665 2212 phalanx,
684 2131 775 2196 laetie
785 2130 972 2212 jactantior
986 2128 1088 2193 armis

167 2227 352 2306 Prodieret,
364 2229 520 2314 tollitque
535 2230 678 2310 animos,
694 2230 900 2313 celeremque
915 2230 1118 2314 triumphum
1217 2229 1261 2293 25

167 2326 316 2393 Hectore
330 2327 459 2412 dejecto
474 2340 599 2414 eperat,
614 2331 684 2398 dux
696 2331 816 2415 digerit
829 2350 924 2397 arma

168 2427 380 2514 Naupliades
392 2431 460 2497 voti
472 2450 623 2517 cumpca,
637 2452 802 2518 curasque
816 2433 984 2500 timcndae

168 2531 289 2610 Induit,
304 2539 337 2598 et
351 2533 433 2597 duro
446 2534 564 2599 fruitur
576 2535 786 2600 miserendus
800 2536 936 2599 honore.

660 2729 769 2783 ΝΟΜ

168 2840 250 2892 eructi
270 2840 377 2905 luruper
396 2841 493 2893 lubitu.
533 2842 601 2893 lteru
625 2841 694 2905 apud
767 2836 1264 2903 nnttmsreirnmneranuumm]

167 2916 299 2968 Sidonium
315 2916 404 2983 Apoll.
424 2918 523 2984 Peneg.
544 2933 574 2970 rr.
594 2935 621 2985 p.
638 2920 694 2970 101.
735 2914 779 2967 lta
789 2918 915 2981 Papiniur
926 2917 959 2966 de
971 2915 1083 2966 Adruto
1093 2929 1156 2965 urrr.
1172 2917 1263 2980 ‘cogit

168 2991 329 3044 Amruieuuru
342 3007 399 3045 ιιι.
735 2994 881 3043 miserenda
894 2998 1011 3057 potenter
1022 2991 1162 3055 lurigllere
1170 2990 1262 3041 rualli!

207 3072 239 3119 11
258 3069 318 3120 Dux
339 3070 425 3133 dnigit
444 3084 512 3121 ormo
534 3070 692 3134 Naupliades]
736 3068 1024 3132 Videctrryeortoruom
1040 3067 1134 3129 iurignl
1146 3064 1263 3117 lluudllr

168 3143 693 3205 ‘velenturquePrlnturvnuo.‘ur-
734 3144 761 3193 in
782 3144 947 3203 llattlraeum,
973 3155 1029 3192 ιιι.
1051 3144 1108 3190 185.
1145 3139 1263 3190 'liberine

168 3221 255 3271 dinem
268 3220 481 3283 enercitur,elgul
492 3219 634 3282 dationem,
643 3226 694 3270 ter·
734 3217 803 3282 apud
812 3218 921 3268 sueton.
930 3217 1049 3279 increpet
1058 3216 1153 3265 amicos
1163 3217 1264 3279 ignarae

167 3310 246 3355 rem,
258 3295 357 3361 uigiliae
370 3295 469 3345 invenit
483 3295 596 3359 Trojruo
609 3294 694 3345 bello?
734 3308 802 3360 quau
819 3294 932 3343 tebeltua
944 3300 1013 3341 ercet
1027 3290 1177 3355 rupertum:
1194 3288 1263 3338 unde

169 3370 256 3435 louge
269 3371 343 3435 plura
354 3369 464 3433 Gorgiae
476 3370 501 3419 ln
511 3368 635 3420 Oratloue
647 3383 694 3433 pro
735 3368 814 3430 idem,
824 3366 932 3428 eutr-v,
953 3380 1087 3416 oncrurern
1110 3366 1263 3415 cerritutem

169 3445 309 3495 l’alarnede
319 3460 343 3509 p.
352 3448 407 3495 191.
427 3445 467 3494 lle
479 3445 568 3495 eudem
581 3459 610 3494 re
621 3446 695 3497 Eurl·
736 3443 886 3492 uominertt.
922 3440 1046 3505 Autlgoui
1057 3439 1119 3491 illud
1131 3440 1164 3490 de
1174 3440 1263 3491 diade·

169 3521 242 3584 pidet
251 3520 276 3570 ln
285 3520 461 3584 lplrlgenia,ln
470 3519 619 3571 Prlrmede.
630 3520 696 3572 'l'er-
735 3528 803 3569 mute
815 3519 864 3568 lrrre
874 3524 989 3582 epectat,
1007 3516 1075 3582 quod
1087 3523 1128 3567 eet
1139 3516 1207 3581 apud
1218 3516 1264 3567 Se·

168 3610 283 3647 aerunuu
299 3595 387 3646 ludum
404 3595 487 3647 aldem
505 3596 632 3646 luveutorl
650 3600 695 3646 tri·
735 3601 962 3656 necam‚truquum
972 3592 1014 3642 rili
1024 3599 1145 3656 prunoet
1155 3605 1205 3642 non
1215 3592 1263 3641 tol·

169 3670 226 3723 butt
242 3672 411 3723 l’lrlloetretur
428 3674 455 3722 in
474 3672 601 3737 llerolcie,
619 3672 696 3723 Nul·
734 3666 822 3719 leudo.
855 3668 983 3732 Vopireur
1000 3668 1138 3719 Saturnino
1154 3673 1263 3733 tyranno

169 3761 283 3798 aureuur
295 3747 434 3809 iurantur,
444 3760 487 3797 ιιι.
498 3763 523 3812 p.
535 3750 592 3797 091.
626 3748 695 3797 Pau·
735 3745 791 3795 lraee
802 3742 934 3807 accigunt:
951 3742 1095 3798 ‘Nercltla
1106 3742 1191 3796 amiel,
1201 3740 1263 3806 quld

169 3824 254 3873 tenire
265 3824 291 3872 iu
304 3821 440 3887 Argolicis.
462 3823 530 3872 Vlde
538 3823 695 3887 Seullgerdn
737 3822 797 3871 meli
806 3821 839 3870 elt
849 3820 986 3883 imperare.
1003 3816 1091 3867 Gladil
1103 3824 1129 3865 et
1142 3817 1195 3864 telu
1205 3830 1264 3865 nor·

169 3900 259 3951 Munil-
270 3914 296 3964 p.
304 3902 345 3949 en.
356 3902 413 3948 tid.
440 3898 559 3963 luprlmie
571 3898 697 3964 inriguem
737 3897 785 3946 trit
795 3894 940 3945 eerrlcilrur
950 3892 1114 3956 lmpeudeutr
1131 3891 1266 3941 imminent

170 3979 275 4044 Gorgiae
296 3976 448 4028 Orationem
470 3991 518 4040 pro
538 3975 696 4025 Palemede:
737 3971 821 4021 lrurtae
833 3967 957 4032 undique,
968 3968 1081 4032 undique
1092 3967 1204 4032 apicula,
1215 3968 1265 4030 lpri

171 4068 245 4120 quem
255 4052 400 4103 Alcidamas
408 4052 537 4101 eoutnrla
547 4058 661 4115 accurat,
669 4059 697 4101 et
737 4043 859 4096 cuetodee
868 4042 1000 4098 timentur.
1008 4041 1058 4105 lpel
1065 4041 1171 4091 eomltee
1180 4040 1266 4091 sormi·

172 4132 333 4181 intentorum
349 4129 488 4179 ueritatem
507 4128 532 4177 iu
548 4128 612 4179 ullor
628 4125 695 4177 deri·
737 4123 841 4181 dautur,
852 4131 904 4167 nou
914 4117 987 4166 cibun
1001 4132 1047 4181 pro
1060 4118 1203 4182 voluptate,
1214 4132 1264 4167 uou

174 4212 226 4267 ret,
238 4220 263 4269 p.
277 4208 332 4257 tet.
344 4206 394 4254 tro.
737 4200 789 4249 iter
798 4210 845 4262 pro
854 4193 1020 4257 auctoritate,
1029 4208 1080 4244 nou
1089 4192 1157 4243 halle
1166 4208 1213 4259 pro
1221 4195 1264 4257 ju·
