2959 4875
232 376 482 427 nrssuunsrro
507 378 555 427 nu
580 378 763 429 nrsronrs
790 381 902 430 secur
926 384 1105 455 unorum.
1170 370 1216 435 21·

124 525 179 583 sut
193 522 318 585 sensim
338 540 409 585 unu
435 542 509 587 cum
533 524 697 588 communi
722 526 831 589 amico
849 526 1100 591 intermorietur.
1144 528 1213 592 Ln-

124 622 202 685 beus
228 623 345 706 itaque
367 623 491 707 arripui
506 626 784 709 qualemcumque
808 626 894 691 huuc
918 629 1132 717 occissionem
1148 637 1214 693 tes·

124 722 213 787 teudi
235 724 371 807 publice
385 730 501 789 'meam
518 726 560 790 de
579 733 613 792 te
638 728 926 805 existimationem,
948 737 984 792 et
1004 728 1101 793 simul
1123 730 1211 795 arbi-

124 826 217 887 trium
234 825 278 888 sd
295 831 327 890 te
341 824 512 891 deferendi
526 828 626 911 hujus
641 828 683 893 de
700 829 825 912 Dictys
849 828 1001 894 Cretensi
1016 839 1051 895 et
1066 830 1140 914 ejus
1156 831 1212 895 Iu-

124 928 264 1007 terprete
278 925 531 1007 disputationis,
547 930 655 993 tenuis
670 928 763 993 illius
778 930 911 1012 quidem
926 941 960 994 et
973 931 1107 1013 exigue
1122 951 1214 1015 pror·

120 1043 185 1100 sus,
208 1025 270 1089 sed
295 1028 348 1090 cui
365 1027 506 1111 peritior
520 1038 567 1105 te,
590 1034 648 1093 eut
670 1030 800 1113 aequior
823 1030 979 1094 constitui
1001 1032 1124 1095 urbiter
1144 1051 1212 1096 nou

22 1174 23 1181 ι
122 1130 259 1207 poteret,
275 1127 402 1211 quippe
417 1130 474 1212 qni
489 1130 562 1211 ipse
578 1130 686 1195 omnis
700 1129 831 1211 generis
845 1137 881 1194 et
896 1133 1006 1195 estatis
1022 1131 1213 1215 Scriptores

22 1226 23 1293 j
122 1234 246 1289 veteres
262 1246 327 1292 uon
354 1236 481 1293 tentum
495 1232 687 1296 excusseris
703 1232 832 1308 sedulo,
845 1232 905 1295 sed
928 1242 961 1296 et
983 1252 1043 1315 per
1051 1240 1098 1297 «to
1120 1234 1212 1297 illus-

121 1332 222 1391 tratos
253 1328 412 1401 edideris.
470 1330 566 1409 ane,
595 1331 659 1396 Vir
690 1332 983 1409 Praestantissimo,
1011 1341 1045 1395 et
1070 1332 1212 1400 feliciter

121 1442 217 1510 porro
231 1434 323 1492 tuum
349 1449 392 1494 ao
408 1431 591 1498 literariam
615 1453 683 1497 rem
698 1453 787 1516 gere.
829 1432 984 1514 Lugduni
1004 1434 1039 1495 in
1055 1432 1209 1512 Batavis,

122 1551 149 1593 a.
163 1531 196 1594 d.
214 1546 263 1596 tv.
289 1530 374 1595 Idus
389 1532 547 1610 Sextiles,
563 1550 622 1600 cro
637 1550 743 1599 rocci.

522 1752 822 1763 a———u—-uu--n

417 1920 599 1971 sutusutts
616 1920 926 1973 Dtssuuusutottts.

116 2031 137 2081 l.
155 2032 246 2083 Nullus
257 2034 346 2084 estitit
358 2035 452 2099 Dictys
463 2035 605 2097 Cretensis,
616 2034 659 2099 qni
671 2035 797 2099 'l'rojsms
809 2048 850 2083 res
860 2035 911 2085 illis
921 2034 1082 2098 temporibus
1096 2033 1210 2098 seripse-

149 2115 192 2174 rit,
209 2114 279 2178 quod
296 2113 460 2165 indiderunt
480 2114 566 2164 Greci
585 2114 712 2178 sequioris
729 2114 788 2170 reri,
807 2121 836 2162 et
850 2115 1011 2163 recentiores
1026 2112 1138 2163 Eruditi.
1170 2113 1208 2163 ll.

149 2192 256 2243 Grecos
266 2196 330 2245 istos
340 2208 392 2243 uon
402 2194 520 2243 hebnisse
527 2196 604 2244 elium
618 2196 725 2257 Dictyn,
736 2209 817 2259 quern
824 2194 905 2254 illurn,
914 2208 990 2257 quem
1001 2193 1142 2257 Septimius
1154 2207 1209 2243 rer·

149 2272 189 2334 tit,
200 2272 328 2336 probetur
339 2280 430 2323 rontrs
441 2274 586 2323 ifereernm
600 2275 722 2338 nilusque.
766 2272 819 2321 Ill.
838 2272 936 2322 lisdem
948 2273 986 2322 illl
997 2272 1102 2322 treduut
1120 2272 1154 2320 de
1172 2272 1210 2319 iu·

148 2361 226 2403 rento
240 2353 352 2417 Dictys,
371 2368 427 2416 que
441 2353 582 2417 Septimius
596 2352 629 2403 de
639 2366 694 2401 suo.
726 2352 774 2401 tv.
789 2352 842 2401 l’er
853 2352 988 2402 Clsudiom
1000 2351 1069 2413 spnd
1079 2364 1124 2401 eos
1134 2352 1209 2400 iutel-

147 2432 191 2496 ligi
211 2433 292 2484 debet
315 2433 398 2496 Nero,
418 2441 445 2484 et
463 2448 534 2497 sepe
553 2432 590 2484 its
607 2431 801 2484 confuuduutnr
817 2432 912 2482 dirersl
926 2430 1067 2483 eorundem
1077 2430 1208 2481 nominum

147 2510 334 2575 imperatores.
355 2514 388 2563 V.
402 2513 505 2562 lieters
513 2513 580 2563 enim
588 2513 613 2562 iu
623 2513 754 2564 Neronem
761 2513 928 2575 conveniunt,
936 2528 993 2577 que
999 2513 1032 2561 de
1042 2519 1118 2561 terre
1126 2519 1208 2572 motu,

147 2600 173 2641 et
182 2592 280 2656 Dictye
290 2599 352 2642 tnnc
362 2593 465 2642 invento
475 2607 506 2641 se
518 2592 615 2642 Neroni
626 2592 713 2641 oblsto
722 2591 869 2641 truduntur.
890 2591 938 2642 Vl.
950 2592 1124 2656 Utriusqueet
1134 2591 1208 2641 (ire-

145 2673 169 2722 ci
179 2679 208 2722 et
218 2673 306 2722 Letini
319 2672 427 2737 liietyos
435 2672 501 2721 idem
514 2670 564 2722 fuit
575 2673 674 2734 titulus,
685 2671 753 2738 qnod
765 2673 847 2737 liquet
859 2686 892 2721 ex
907 2671 997 2733 Suids,
1013 2672 1036 2720 si
1055 2671 1112 2735 ejus
1130 2671 1209 2720 verbs

145 2760 220 2804 reete
232 2753 435 2816 distinguentur.
469 2752 531 2802 Vll.
548 2752 664 2816 Uterque
674 2751 772 2801 dieitur
782 2752 865 2801 llteris
876 2752 982 2800 Punicis
991 2765 1061 2800 susm
1072 2750 1208 2812 scripsisse

146 2833 302 2883 ilistorism.
335 2832 415 2882 Vlll.
431 2831 561 2884 iohannes
572 2831 683 2881 lislelss
697 2845 731 2878 ex
742 2830 835 2880 Greco
846 2831 950 2894 Dictys,
960 2837 988 2878 et
998 2829 1139 2894 Septimius
1148 2843 1208 2880 nos-

147 2914 234 2974 ter,iu
250 2911 368 2962 ilistoris
379 2911 446 2960 Belli
462 2911 577 2974 'l'rojsni,
593 2924 698 2974 prorsus
713 2910 880 2959 conveniunt.
912 2910 960 2961 tx.
978 2909 1104 2962 oneum
1121 2917 1207 2959 tumen
1294 2975 1301 2986 .

147 2993 227 3041 veluti
247 2993 419 3042 Cbsrecteres
437 2991 561 3047 Heroum,
577 2989 644 3054 spud
661 2990 785 3039 blslelsm
803 2996 830 3039 et
840 2991 1099 3055 slios,expoeuntnr,
1111 3005 1168 3054 que
1179 2991 1206 3038 in

145 3072 309 3144 Septimisuo
327 3072 426 3134 Dictys
441 3085 491 3120 nou
509 3072 681 3134 reperiuntur.
714 3069 751 3120 x.
773 3069 824 3119 Sed
844 3070 984 3134 Septimius
1005 3069 1112 3119 libertus
1128 3069 1210 3119 restit

147 3151 255 3216 Dietpn.
274 3165 386 3216 eumque
404 3152 593 3215 contraxitque,
604 3150 761 3215 etqnetlsm
771 3151 798 3200 iu
814 3165 846 3201 eo
856 3150 1028 3214 pretermisit.
1061 3149 1112 3200 xl.
1128 3150 1210 3199 Petet

146 3233 173 3280 id
187 3232 332 3281 clarissime
348 3247 382 3282 ex
394 3233 450 3280 loeo
461 3231 570 3294 Dictyos
581 3232 663 3282 uestri
673 3244 693 3280 ι.
703 3235 729 3280 d.
741 3229 786 3294 qul
796 3231 943 3294 explicetur
954 3245 986 3280 ex
997 3229 1102 3281 ltlslels.
1141 3228 1211 3279 xil.

147 3311 178 3360 lu
190 3311 346 3376 quibusdam
365 3319 450 3360 temen
465 3311 542 3360 etism
555 3311 580 3359 in
591 3310 721 3360 diversum
732 3326 749 3358 s
759 3310 886 3373 Septimio
898 3311 953 3360 sbit
961 3311 1113 3375 quandoque
1125 3309 1208 3358 idele-

146 3393 192 3453 lm,
207 3391 284 3455 cnjus
301 3393 338 3441 rei
351 3391 428 3442 serie
441 3390 584 3440 redduntur
595 3391 717 3440 rutloues.
749 3390 829 3440 xm.
847 3387 1032 3454 Argumentum
1043 3391 1157 3441 Merceri
1174 3403 1207 3440 ex

147 3472 266 3522 ilistoris
276 3472 390 3522 ffirenes
402 3469 435 3519 sd
448 3469 616 3534 probandum,
624 3470 720 3534 Dictyu
732 3470 853 3521 Greenm
864 3470 944 3520 fuisse
955 3471 1032 3522 elium
1051 3485 1068 3520 s
1085 3471 1208 3534 Septimi·

147 3567 206 3614 sus,
222 3550 360 3602 refellitur.
388 3551 430 3599 lle
442 3550 522 3599 verbo
531 3547 704 3612 Ἀπάγχισθιιι
735 3551 809 3601 xtv.
823 3551 987 3614 Sequitures
997 3551 1047 3614 his,
1054 3551 1208 3615 Septimium

149 3648 209 3682 rere
227 3633 338 3681 vertisse
354 3631 421 3678 bene
438 3629 577 3679 Historiam
595 3646 627 3679 ex
644 3631 749 3692 Graeco,
765 3631 834 3696 quod
852 3631 918 3680 mele
931 3638 1042 3694 negetur
1052 3646 1067 3679 s
1078 3630 1170 3679 Vossio
1180 3639 1209 3681 et

149 3715 278 3762 llereero.
312 3711 371 3760 XV.
390 3709 520 3758 Probstur
535 3710 560 3759 ld
581 3724 614 3759 ex
630 3711 780 3761 Greelsmls
798 3708 1028 3774 etfrequentibus.
1060 3709 1136 3758 xvt.
1152 3709 1207 3758 Pro

148 3791 301 3842 (incisuris
313 3789 429 3839 lrsbentls
441 3791 467 3838 in
475 3789 656 3852 versionibus,
665 3805 723 3854 qne
735 3803 767 3838 es
778 3789 873 3839 Greeo
888 3786 998 3837 formsts
1008 3789 1067 3838 istic
1078 3796 1139 3838 sunt
1156 3787 1208 3838 fre·

147 3873 262 3936 quentis,
269 3872 331 3920 lieet
340 3870 410 3934 spud
423 3869 594 3934 eliosqunqne
606 3870 809 3932 similislocutlo,
817 3868 862 3919 sed
872 3869 1102 3930 rsrlus,occorrst.
1118 3867 1209 3917 xvtt.

147 3952 252 4002 ldslele
270 3965 328 4001 eum
346 3948 477 4009 Cedreno,
488 3957 514 3998 et
528 3949 635 4013 Dictyos
646 3950 798 4013 Septimisui
811 3949 889 3998 serbe
901 3949 969 3998 luter
984 3963 1013 3998 se
1030 3946 1208 4008 conferuntur,

149 4030 320 4080 emendentur
342 4029 433 4091 etism,
453 4036 481 4078 et
491 4037 624 4079 notentur.
655 4028 760 4080 xvt11.
776 4028 836 4079 Alis
847 4043 935 4079 eorum
947 4028 1027 4077 verbs
1037 4028 1208 4092 rerumplsue

149 4111 311 4174 singulsrinm
330 4110 421 4159 itidem
444 4123 584 4170 congruere
602 4108 785 4160 ostenduntur.
821 4107 931 4158 Melelss
953 4107 1031 4157 etism
1051 4107 1207 4170 explicetur.
1318 4156 1323 4165 ,

47 4201 51 4216 ·
150 4189 227 4242 xlx.
244 4189 384 4242 confertur
400 4190 486 4239 denuo
501 4189 580 4253 louge
596 4189 677 4240 series
693 4187 876 4249 ilistorisrum,
887 4185 979 4236 eodem
991 4201 1093 4251 prorsus
1108 4186 1207 4252 ordine,
