2959 4875
238 336 282 402 48
498 350 578 401 rau.
603 334 795 399 rnarzourr
822 346 1069 397 orsssnsnuro

240 494 433 576 etcopiose
456 492 699 557 confutavimus
721 492 754 554 in
770 489 1010 575 superioribus.
1054 486 1107 553 Dc
1129 486 1190 553 illo
1215 493 1328 552 antem

241 594 397 677 Prologo,
415 612 514 676 quent
529 594 633 655 solum
649 592 684 655 in
708 592 780 669 suis
794 592 850 655 ait*
865 589 1001 674 reperiri
1015 587 1118 655 Mstis
1132 586 1330 666 codicibus,

238 696 356 759 lubens
372 694 487 757 iverim
503 695 537 756 in
552 692 750 755 sententiam
766 690 965 774 amplissimi
974 688 1147 779 Obrechti,
1163 687 1222 770 qni
1235 688 1329 752 illum

241 796 361 861 Graece
375 796 525 877 primitus
541 794 714 875 scriptum,
730 798 765 854 ct
782 788 906 854 Grmco
921 790 1037 871 Dictyi
1055 788 1262 880 praemissum
1277 788 1331 851 fu·

203 932 208 944 ·
241 899 310 961 issa
328 897 516 960 arbitratur.
560 892 614 957 lta
626 910 704 957 vcro
719 900 754 957 at
771 889 828 956 ille
846 910 891 955 cs
905 890 1029 956 Graeco
1043 888 1159 953 debuit
1180 908 1333 952 sermone

142 1034 146 1042 ·
241 1000 275 1063 io
287 998 439 1063 Latinum
450 1014 525 1059 esse
537 994 805 1071 translatos,non
820 999 965 1057 tamena
981 992 1157 1076 Septimio,
1170 992 1295 1075 quippo
1309 1009 1333 1053 a

241 1118 309 1183 quo
322 1099 356 1161 in
370 1095 570 1180 quibusdum
586 1094 621 1157 in
635 1095 768 1159 divorsa
782 1093 865 1172 abit,
879 1098 913 1160 et
929 1092 1026 1180 cujus
1035 1092 1166 1157 idcirco
1179 1100 1332 1175 tempore

240 1198 384 1265 nondum
398 1198 550 1261 extitisse
566 1193 709 1273 ridetur,
724 1200 815 1259 certa
830 1212 895 1259 uon
916 1196 951 1259 in
964 1196 1121 1261 omnibns
1134 1193 1334 1277 exemplari·
1449 1223 1452 1227 Δ

240 1302 318 1377 bus,
332 1316 442 1380 neque
458 1296 543 1362 adeo
556 1296 592 1360 in
606 1296 661 1375 iis,
677 1314 754 1379 quta
769 1296 807 1359 in
819 1296 974 1379 Septimii
987 1316 1104 1361 munus
1118 1295 1333 1360 devenerunt.

242 1400 341 1466 Patet
360 1396 438 1461 inda
463 1415 564 1480 qoam
584 1396 672 1461 male
694 1396 794 1479 igitur
814 1416 891 1460 enm
914 1394 985 1461 Leo
998 1396 1147 1462 Allatins
1164 1415 1227 1480 pro
1242 1394 1335 1460 illios

241 1518 378 1585 qnoque
393 1499 521 1583 prologi
536 1502 673 1563 auctora
687 1496 826 1572 habeat,
850 1500 884 1560 ct
907 1496 985 1561 ideo
999 1496 1067 1560 sibi
1080 1496 1215 1561 incauta
1235 1492 1336 1584 nimis

243 1602 422 1679 adversari,
437 1602 471 1665 in
496 1598 640 1681 Prologo
656 1596 731 1663 scil.
744 1604 778 1663 et
798 1596 967 1681 Epistola,
978 1602 1083 1681 potat,
1097 1598 1140 1662 da
1163 1598 1239 1662 Pat.
1255 1596 1337 1686 H0·[

242 1702 326 1771 meri
340 1702 392 1769 fio.
426 1702 498 1785 Ego
511 1720 587 1765 vero
604 1701 784 1781 Prologum
798 1699 887 1763 hunc
897 1700 940 1763 ab
950 1700 1064 1783 ignoto
1078 1700 1176 1764 nobis
1189 1699 1336 1777 homine,

244 1813 279 1871 at
304 1806 430 1869 incerto
456 1806 603 1884 tompore
630 1806 668 1864 ut
687 1800 863 1863 formatum
884 1802 1003 1883 primo,
1025 1801 1074 1865 ita
1094 1801 1171 1865 dein
1198 1802 1242 1865 ab
1262 1802 1337 1865 alio

243 1906 343 1972 otiam
360 1919 491 1967 tersum
507 1902 628 1966 Latine
649 1900 856 1979 crediderim,
875 1903 956 1984 qnia
978 1902 1076 1984 plora
1096 1900 1141 1967 ad
1160 1901 1337 1966 historiam

243 2006 371 2071 inventi
387 2003 507 2087 Operis
520 2003 720 2086 pertinentia
734 2004 938 2081 continebat,
949 2004 1051 2087 qnam
1074 2002 1227 2087 Septimii
1243 2004 1338 2069 illins

244 2107 408 2191 Epistola
452 2104 541 2183 Quae
559 2111 595 2168 et
616 2122 722 2169 causa
745 2105 859 2169 forsan
872 2104 947 2182 luit,
960 2123 1065 2188 quare
1087 2104 1122 2168 in
1134 2105 1339 2188 quibusdam

245 2206 343 2274 codd.
359 2226 426 2271 non
434 2206 627 2289 reperiatur,
641 2206 675 2269 in
684 2205 759 2269 aliis
775 2223 855 2269 varo
869 2206 986 2289 ejectae
1000 2205 1156 2291 Septimii
1170 2204 1339 2290 Epistulae

246 2311 292 2375 sit
310 2308 523 2374 substitutus.

289 2424 406 2476 xxxi.
429 2408 583 2473 Catonum
606 2406 776 2490 interpres
797 2408 867 2488 ille,
881 2410 1035 2494 quisquis
1054 2409 1130 2488 init,
1147 2428 1344 2500 accomm07

245 2513 345 2578 dossa
359 2517 469 2574 tamen
490 2528 566 2573 eum
584 2507 714 2573 videtur
728 2509 772 2574 ad
788 2510 941 2574 Latinam
954 2512 1038 2575 hanc
1056 2511 1195 2594 Dictyos
1208 2512 1338 2576 versio·

245 2635 335 2691 nem,
349 2609 511 2694 siquidem
534 2617 705 2674 auctorem
730 2611 842 2694 ipsum
863 2613 897 2675 in
922 2629 985 2676 sex
1005 2619 1133 2677 tantum
1155 2614 1337 2691 volumina,

244 2720 329 2800 ¹quot
349 2718 425 2776 sunt
445 2711 545 2796 hujus
566 2712 740 2788 versionis,
769 2711 942 2778 historiam
965 2712 1152 2795 digessisse,
1176 2715 1236 2792 ait,
1259 2733 1337 2780 cum

243 2815 389 2881 Graecos
413 2814 536 2899 Dictys
553 2812 648 2878 illius
672 2813 824 2878 Praxeas
838 2814 872 2877 in
897 2831 1018 2879 novem
1039 2814 1136 2879 fucrit
1151 2815 1202 2879 rel
1216 2814 1336 2879 dacem

248 2917 415 2982 volumina
428 2915 571 2992 divisus,
586 2921 622 2980 ut
634 2933 679 2979 cx
695 2915 849 2998 Septimii
865 2915 1019 3000 Epistola
1032 2922 1068 2981 ct
1079 2916 1185 2982 Suida
1195 2923 1338 2981 constat

247 3015 316 3082 Sed
329 3023 366 3078 at
381 3015 504 3080 enavit
526 3023 645 3080 auctor
668 3015 762 3080 illius
777 3015 912 3098 Prologi
934 3018 967 3082 in
989 3038 1042 3095 eo,
1059 3016 1150 3100 quod
1176 3019 1222 3081 ait
1245 3017 1339 3101 ‘jus-

246 3114 359 3182 sisse'
381 3115 549 3180 Neronem
575 3117 632 3180 ‘in
656 3115 814 3181 Graecnm
845 3136 1030 3182 sermonem
1060 3119 1124 3181 ista
1146 3118 1339 3194 transferri:

248 3218 343 3302 quasi
366 3217 435 3280 alio
458 3216 604 3280 fuissent
636 3237 786 3283 sermone
811 3220 1017 3302 conscripta.
1061 3217 1202 3283 Rectius
1226 3219 1338 3303 Septi·

247 3319 336 3384 mius
361 3316 575 3382 ‘Orationem
603 3319 707 3383 fuisse
731 3317 907 3385 Graecam’
930 3319 1079 3396 affirmat,
1101 3319 1247 3383 ‘literis’
1266 3329 1338 3384 tan-

247 3427 318 3486 tum
340 3418 503 3484 ‘Punicis
516 3419 761 3502 conscriptam,'
775 3419 866 3502 qnod
888 3421 999 3504 ipsum
1020 3422 1134 3504 utique
1149 3421 1224 3504 ipse
1236 3421 1338 3485 etiam

248 3527 368 3585 auctor
388 3520 499 3600 operis
520 3539 590 3603 prae
605 3539 642 3584 so
658 3521 723 3585 lert
750 3521 810 3584 lib.
826 3537 860 3586 v.
877 3541 954 3605 cap.
970 3523 1023 3590 17.
1068 3521 1124 3585 An
1137 3539 1215 3605 ergo
1229 3523 1340 3586 voluit

249 3619 424 3700 Prologus,
438 3618 519 3700 quia
540 3621 652 3684 forsan
667 3621 825 3684 obsoleto
850 3627 885 3686 et
905 3624 1049 3687 barbaro
1070 3622 1174 3686 formo
1187 3641 1339 3687 sermone

247 3719 388 3786 historia
401 3717 475 3782 liaec
498 3713 651 3786 consulto
666 3721 730 3788 fuit
748 3741 769 3787 a
785 3721 931 3786 Praxide
950 3723 1153 3806 composita,
1168 3723 1340 3788 redactam

245 3839 323 3886 eam
335 3821 435 3905 jussu
458 3817 613 3899 Neronis,
629 3822 773 3888 sublatis
785 3823 854 3888 illis
868 3825 1027 3889 obsoletis
1046 3831 1083 3887 ct
1096 3825 1288 3906 peregrinis,
1303 3819 1347 3888 in

249 3923 390 3986 nitorem
404 3919 529 4003 linguar
542 3927 620 3986 tunc
629 3924 802 4002 usitatum,
812 3942 911 4007 aeqnc
924 3944 965 3989 ac
974 3924 1113 3989 Ponicm
1124 3923 1232 3988 literas
1247 3939 1342 3988 com*

249 4027 386 4087 moulan
408 4028 483 4087 sunt
496 4019 643 4088 Atticis‘l
688 4023 729 4088 Id
755 4043 855 4108 paena
877 4027 1102 4102 credidissem,
1118 4028 1341 4108 quiacatero·

249 4122 330 4205 quin
349 4123 405 4189 illc
430 4123 595 4207 Prologus
623 4123 744 4192 diserte
766 4127 876 4191 nimis
893 4129 1021 4194 auctori
1043 4147 1106 4192 suo
1128 4127 1341 4207 adversatur,
