2959 4875
246 312 269 373 4
697 318 889 367 RPlS'i'ObA.

246 465 331 531 infre
345 473 377 530 te
400 464 546 546 positum
561 458 693 543 premis,
707 458 837 541 quippe
853 456 941 523 omni
955 454 1204 539 disciplinarum
1219 474 1334 537 genere

248 566 436 639 instructus,
447 563 489 627 ad
505 561 607 626 altem
621 559 861 642 sapientissimi
875 557 1013 624 lodoici
1022 558 1110 638 regis
1125 555 1336 638 prudentiam

245 665 318 748 jem
333 665 475 748 aspiras.
519 661 657 727 Fuerint
678 659 729 725 illi
753 660 887 743 quidem
909 659 1065 739 hactenns
1080 664 1162 741 post
1187 674 1225 720 se
1246 658 1337 720 uatis

249 764 437 829 bominibus
451 760 647 826 imitandum
661 749 856 842 exemplet:
877 776 990 821 eurum
1002 758 1074 840 jum
1085 758 1189 821 ricem
1199 764 1337 840 presta·

250 864 303 929 bit
324 863 566 937 invictissimus
587 860 646 925 iile
666 876 790 943 parens
803 866 894 937 tuus,
916 878 1027 941 quem,
1041 865 1080 922 ut
1100 877 1198 934 nnnc,
1211 864 1245 921 et
1259 857 1340 922 olim

253 964 421 1028 bominum
446 979 549 1045 genus
571 959 668 1043 quusi
693 958 818 1024 Dirum
839 959 1059 1034 venerabitur,
1078 958 1208 1039 sibique
1230 957 1341 1021 solum

253 1064 446 1129 imitandum
461 1068 634 1146 proponet.
688 1060 866 1142 Adeoque,
881 1057 1025 1141 quotide
1043 1058 1185 1139 imagine
1198 1056 1341 1141 quadarn
1432 1106 1435 1111 .

253 1163 395 1229 Veneris
407 1164 486 1228 olim
500 1162 627 1227 dictum
642 1168 707 1237 est,
722 1180 765 1224 ex
779 1178 822 1223 eu
835 1158 939 1223 fuisse
950 1159 993 1223 de
1005 1158 1186 1241 puellarum
1199 1157 1343 1241 pulcbri·

251 1263 363 1329 tudine
371 1264 571 1347 judicatum,
585 1270 624 1326 ut
638 1282 716 1344 qnae
731 1260 868 1343 imagini
883 1260 1023 1325 similior
1044 1264 1145 1334 esset,
1158 1277 1200 1323 eu
1220 1256 1343 1321 formo·

254 1364 391 1428 sissimo
411 1362 588 1439 diceretur,
602 1362 644 1427 de
668 1362 757 1427 almo
779 1367 837 1426 tuo
853 1369 989 1444 parente
1003 1360 1085 1425 iilud
1099 1359 1215 1441 utique
1229 1376 1344 1422 verum

172 1470 174 1477 “
254 1466 329 1541 erit,
343 1463 387 1529 ad
402 1463 499 1547 cujus
522 1464 671 1546 ingentis
693 1464 785 1529 iectu
811 1482 878 1545 quo
898 1464 1036 1546 propius
1049 1460 1142 1526 beati
1155 1459 1273 1524 bernis
1287 1477 1346 1523 ac·

254 1563 486 1639 cessationes
512 1564 657 1647 emplius
679 1582 717 1627 se
744 1564 778 1626 in
795 1562 941 1627 heroicis
964 1549 1144 1627 virtutibus
1161 1559 1348 1643 profecisse

254 1663 509 1727 arbitrabuntur.
552 1663 673 1745 Perge,
698 1663 809 1745 igitur,
843 1663 1049 1727 Debemus
1072 1662 1346 1734 Sensurssrus,

256 1780 366 1845 perge,
387 1768 426 1824 ut
448 1761 544 1837 lacis,
568 1761 719 1843 vestigiis
738 1762 812 1845 ejus
821 1764 992 1841 insistere,
1014 1761 1121 1827 donec
1141 1761 1259 1825 diviua
1286 1758 1344 1823 illa

255 1862 431 1945 sapientis,
442 1880 519 1944 quae
536 1860 632 1925 illum
646 1862 796 1939 irradiat,
808 1862 950 1936 afflatus,
963 1863 1013 1927 ita
1024 1881 1103 1927 cum
1116 1880 1159 1925 eo
1171 1859 1350 1943 refulgeas.

260 1962 382 2046 Neque
397 1962 483 2025 enim
498 1960 591 2025 aliud
607 1962 668 2026 tibi
683 1982 704 2026 e
720 1963 795 2027 Deo
806 1962 944 2046 Optimo
955 1962 1109 2027 Maximo
1120 1969 1173 2026 est
1187 1969 1352 2045 expeten-

122 2064 127 2075 '
257 2062 351 2140 dum,
368 2063 424 2145 qui
440 2063 501 2125 tibi
524 2064 653 2144 reliqna
682 2064 795 2127 omniu
816 2064 962 2143 benigna
983 2083 1083 2127 runnu
1105 2064 1247 2143 largitus
1273 2068 1350 2126 est:

258 2163 464 2227 nubilitatem
480 2180 559 2243 que,
576 2164 605 2225 si
621 2163 665 2225 ab
680 2162 797 2227 ultima
811 2170 979 2246 repetetur
993 2164 1130 2244 origine,
1144 2182 1188 2226 ue
1203 2161 1237 2225 in
1252 2163 1352 2227 iabu-

258 2263 303 2326 lis
337 2262 467 2345 quidem
496 2262 635 2351 inveniri
662 2263 775 2345 possit
802 2264 983 2346 antiquior:
1020 2264 1160 2327 formam
1196 2265 1351 2347 corporis

259 2354 436 2445 egregiam,
451 2366 485 2425 et
498 2382 598 2444 regno
614 2364 669 2425 cui
680 2369 782 2426 nutus
796 2382 834 2427 es
849 2363 1005 2446 dignam:
1029 2364 1204 2445 ingenium,
1219 2363 1263 2427 ad
1277 2383 1352 2428 om·

258 2463 351 2526 nium
366 2462 425 2544 qui
453 2471 484 2525 te
510 2463 634 2527 adeunt
654 2463 929 2530 admirationem
952 2464 1150 2548 praeclarum
1174 2472 1209 2529 et
1231 2466 1351 2530 laetam

260 2561 428 2639 indolem;
450 2562 605 2643 pietatem
629 2560 773 2645 denique
792 2564 952 2645 singulari
978 2564 1165 2628 eruditione
1188 2564 1354 2648 conjunc-

159 2711 166 2724 ,
260 2667 348 2724 tam:
364 2681 441 2744 qum
457 2681 533 2726 cum
552 2661 630 2725 olim
656 2664 784 2728 coelesti
807 2663 865 2729 ille
889 2665 1054 2748 sapientia
1068 2666 1166 2747 quasi
1178 2665 1353 2730 cumulata

260 2760 390 2837 inerint,
406 2768 475 2824 tum
498 2769 585 2826 certe
608 2763 856 2846 sapientissimo
881 2772 939 2829 tuo
963 2767 1090 2848 parenti
1108 2765 1181 2846 J'am
1201 2767 1354 2848 propior,

262 2865 331 2924 tam
349 2881 449 2944 snper
464 2861 550 2926 aiios
564 2880 658 2944 reges
672 2863 833 2940 eveheris,
848 2885 948 2947 quum
962 2883 1050 2928 nunc
1066 2865 1233 2947 reliquum
1254 2883 1354 2929 omne

262 2962 401 3024 mortale
415 2981 520 3042 genus
535 2965 770 3045 superemines.
813 2965 878 3029 Sed
892 2967 1101 3029 invenustum
1110 2972 1162 3030 est
1175 2971 1209 3032 te
1223 2965 1355 3030 diutius

263 3063 397 3137 morari,
414 3062 615 3143 Ducuntur
630 3063 967 3141 Sensurssrun,oni

348 3161 428 3226 iam
445 3164 535 3228 venit
550 3184 592 3228 eu
608 3164 711 3247 virgo,
720 3165 793 3249 jam
807 3166 935 3230 dicetur
949 3166 1166 3249 Hymenaeus,

351 3261 496 3346 Hymen,
511 3282 532 3327 o
550 3264 746 3346 Hymenaee,
764 3265 899 3349 Hymen
918 3265 1009 3343 ades,
1025 3285 1047 3330 o
1063 3266 1265 3350 Hymenaee.
1320 3310 1326 3332 .

352 3363 469 3426 Iraetns
484 3363 584 3427 edes!

264 3463 352 3529 Vule
367 3465 476 3546 igitur,
489 3463 972 3542 Dnurrrrsusnnuurssrus‚
987 3474 1090 3550 tuque
1103 3468 1195 3531 ulma
1210 3469 1355 3535 victoria

265 3564 512 3628 Ssunrrrrsrur
542 3563 733 3627 Ducentur
771 3565 995 3630 sanctissima
1022 3566 1159 3648 conjux.
1216 3565 1355 3645 Vetere,

266 3683 344 3729 mee
368 3665 544 3746 praeseutia
557 3665 702 3743 numina,
716 3684 833 3749 meque
853 3684 1026 3748 meumque
1040 3664 1125 3730 huuc
1138 3667 1288 3732 laborem
1302 3671 1357 3736 fu·

268 3770 382 3830 rentes
397 3763 549 3846 aspicite,
564 3765 791 3846 sicque-vebis

397 3863 468 3928 Det
477 3864 636 3945 juvenum
653 3866 775 3930 cultrix
789 3865 915 3948 prolem
929 3865 1212 3949 munsterum,

439 3961 580 4046 Vosque
593 3985 676 4048 puer
689 3967 778 4031 lmtis
791 3967 924 4049 ignibus
935 3973 1010 4032 urut
1024 3967 1138 4032 Amor.

366 4103 473 4152 Parisiis
487 4107 509 4152 1.
522 4103 579 4154 uu.
591 4105 671 4156 biart.
682 4109 755 4156 1680.
