2959 4875
219 336 264 403 ill
476 348 556 399 sse.
579 346 773 399 rerrrosn
798 343 1048 398 nroesnusrro

222 500 289 567 sibi
302 500 446 585 mihique
459 498 639 584 pernieiem
660 496 956 567 mnelrinstisnut’
988 497 1108 565 -Soiito
1120 498 1315 595 Synlsxeos
1365 510 1370 518 ’
1472 501 1476 510 “

221 602 374 687 analogia
388 602 553 686 postulet,
567 608 603 667 ut
618 601 785 667 scribetur
797 601 866 678 hle,
880 606 891 637 ⁴
904 597 1070 684 gestinut’

265 720 324 768 m.
343 703 399 770 2⁵.
421 707 432 741 ‘
443 704 600 788 Nouoque
620 704 655 769 hi
675 701 808 788 (stenes
828 700 989 786 Helenus)
1009 702 1160 769 exuenti
1179 702 1314 769 focinus

222 806 309 890 ejus,
321 824 362 869 uu
375 806 410 896 in
425 806 580 871 militium
601 806 737 889 quidem
751 806 928 872 nobiseum
942 805 1208 888 oeujnrurerunt,
1222 804 1315 869 seili-

220 912 276 971 eei
290 924 334 971 ne
343 924 445 989 quum
461 907 576 974 audire
586 908 789 975 ineolumem
800 908 939 986 nollent,
996 925 1055 991 per
1067 924 1106 971 se
1118 906 1263 972 reditum
1277 909 1315 971 in

220 1008 364 1093 pstriem
387 1010 599 1092 quaererent?
630 1007 769 1088 Nemo,
792 1008 926 1093 opinor,
941 1007 1099 1090 negabit,
1125 1007 1185 1090 qni
1212 1008 1314 1074 modo

220 1112 363 1175 animum
393 1110 543 1177 attendet
573 1110 616 1177 sd
644 1110 927 1187 lucionensi
955 1106 1144 1186 ‘reditum’
1169 1108 1214 1173 de
1242 1128 1314 1193 qno

221 1212 337 1293 egitur,
364 1211 444 1295 quin
473 1216 506 1278 el
529 1211 563 1277 in
588 1211 758 1295 prioribus
776 1210 1016 1278 restituendum
1036 1210 1094 1287 sit,
1116 1208 1243 1275 ‘redire
1263 1211 1314 1276 in·

221 1312 296 1377 col!

263 1430 315 1478 ιν.
336 1414 391 1480 12.
411 1414 527 1480 “Dein
547 1414 723 1497 plurimos,
736 1415 788 1481 nti
808 1432 974 1499 quomque
987 1412 1074 1479 intre
1086 1413 1200 1492 telum,
1214 1411 1314 1492 ierit:

220 1514 361 1592 seilicet,
389 1515 578 1581 ‘habebnt'
620 1514 692 1580 Sed
711 1514 826 1603 durior
845 1520 898 1581 est
916 1514 991 1580 hoe
1011 1514 1152 1598 ellipsis,
1176 1521 1214 1579 et
1234 1512 1314 1580 ieee

220 1613 350 1682 videtur
370 1616 559 1700 legendum,
582 1616 659 1681 ‘uti
673 1613 843 1699 quisque!
885 1614 946 1680 Sie
963 1630 1004 1680 rr.
1028 1615 1063 1679 2.
1081 1615 1156 1680 ‘uti
1169 1614 1315 1698 quisque

219 1714 255 1778 iu
277 1735 397 1783 munus
423 1724 558 1783 uenerat
572 1714 595 1783 :’
614 1717 668 1784 uel
698 1722 990 1801 ‘unumquemque
1003 1715 1226 1795 intratelum,’
1247 1716 1316 1781 sei·

219 1816 300 1882 lieet
320 1818 564 1885 ‘existentem'
1087 1846 1090 1851 ·

262 1934 316 1984 ιν.
335 1920 386 1985 18.
416 1920 491 1987 ‘De
524 1920 622 2004 enjus
652 1919 789 1986 eraculo
814 1917 1023 1985 imminentis
1044 1918 1202 2002 'l'reJ‘unis
1225 1918 1316 1983 mnu

219 2038 297 2087 oum
312 2024 534 2105 cognovisset,
550 2022 636 2087 ultro
650 2019 840 2105 supplleem
859 2020 906 2086 nd
928 2039 991 2086 eos
1010 2016 1204 2087 uocemue!
1245 2018 1316 2084 Re·

218 2120 285 2187 iert
297 2124 410 2206 priore
432 2126 505 2191 haee
519 2123 622 2189 Anno
644 2123 688 2189 ad
709 2129 846 2189 ‘senem
861 2120 1053 2207 purentem,’
1065 2120 1131 2187 hoo
1156 2126 1222 2200 est,
1242 2118 1316 2183 Au·

219 2222 394 2302 ellesmot
413 2224 487 2310 ejus
501 2224 608 2291 lilium
622 2225 787 2306 AEneum3
807 2224 998 2309 posteriore
1016 2222 1132 2289 neseio
1145 2229 1254 2289 utrum
1268 2221 1316 2287 erl

219 2322 362 2391 Emeum
385 2344 533 2411 quoque,
548 2345 593 2393 nu
618 2326 663 2391 ud
688 2324 873 2391 Holenam.
916 2322 984 2389 sed
1007 2323 1229 2391 certissimum
1251 2329 1315 2402 est,

219 2426 388 2492 excidisse
411 2435 490 2494 ante
517 2430 591 2495 hmo
605 2430 709 2494 verba
738 2427 879 2511 aliquid,
901 2433 937 2492 et
957 2426 1156 2492 mentionem
1179 2426 1315 2511 quidem

218 2529 401 2612 Apollinis,
414 2547 456 2594 ee
468 2545 549 2594 uere
564 2527 683 2596 deinde
704 2528 837 2594 Heleno
863 2533 991 2594 nutem
1011 2528 1239 2610 intelligendu,
1254 2529 1314 2614 qni

218 2645 265 2694 ex
287 2629 466 2697 ‘oraculo’
479 2630 665 2715 Apollinis,
682 2630 781 2715 eujus
802 2636 878 2696 erut
898 2635 1005 2708 retes,
1027 2635 1038 2668 ‘
1049 2629 1140 2694 mulo
1153 2629 1314 2714 Troianis

218 2731 427 2799 imminentia
448 2731 672 2817 cognoverat:
693 2739 728 2798 et
749 2730 829 2798 irlee
849 2730 955 2796 ‘ultro
975 2728 1021 2795 ud
1043 2727 1185 2796 Grinnes
1197 2730 1312 2798 esem-

217 2833 336 2899 rebat.’
1256 2881 1262 2894 .
1307 2881 1313 2892 .

262 2949 313 2997 vr.
335 2935 388 3000 13.
409 2929 480 3003 ‘Ut
507 2955 617 3004 sermo
644 2937 819 3003 hominnm*
841 2933 1028 3001 ferebatur?
1071 2931 1237 3015 legerim,
1258 2935 1314 3001 vri

211 3031 348 3120 [mint.
390 3037 448 3104 Sic
461 3037 536 3105 Lis.
553 3053 580 3104 1.
597 3040 655 3105 45.
675 3035 884 3103 ‘Fumufert
904 3035 940 3101 id
962 3032 1202 3102 essetnetum!
1237 3035 1313 3104 cie.

218 3133 286 3200 Off.
304 3151 360 3201 ru.
381 3137 414 3204 9.
440 3137 607 3204 ‘AEuenm
621 3156 758 3222 equum,
771 3143 809 3203 ut
826 3135 934 3204 fenne
953 3135 1091 3215 subulo,
1104 3137 1315 3206 animadver-

216 3233 277 3301 tit’
314 3238 411 3306 Fam.
426 3255 454 3304 r.
467 3240 501 3305 9.
523 3245 584 3308 ‘nt
597 3258 674 3307 mee
683 3239 799 3325 opinio
810 3235 899 3304 lert?
940 3236 1017 3316 Vel,
1032 3238 1228 3305 ‘sermone'
1256 3239 1315 3306 ltu

218 3337 294 3406 Liv.
311 3356 337 3404 r.
351 3341 405 3406 ln
428 3341 500 3409 ‘Ul
512 3343 637 3428 posteri
660 3341 752 3408 ieme
772 3341 896 3406 fument
916 3337 1123 3406 conditerem
1138 3329 1314 3405 Servium!

218 3439 300 3504 Sall.
315 3439 391 3508 Cet.
406 3442 438 3508 8.
462 3443 552 3509 ‘Res
565 3442 822 3512 Atheniensium
842 3441 1015 3525 eliquanto
1035 3441 1181 3508 minores
1205 3440 1314 3524 fuere,

219 3558 321 3623 quem
335 3543 426 3608 ieme
440 3545 607 3610 feruutur)

260 3655 327 3704 xe.
350 3631 472 3726 Neque
485 3661 564 3711 vero
577 3647 695 3711 mirum
708 3647 784 3714 hmo
800 3651 836 3711 et
849 3637 1169 3710 similioolibrnriis
1181 3642 1313 3726 possim

218 3739 348 3818 vitiata,
364 3759 440 3807 enm
454 3743 553 3811 etiem
568 3744 916 3829 nenecessitatem
928 3749 1026 3809 notus
1045 3743 1082 3806 in
1092 3742 1181 3808 hune
1192 3752 1314 3810 uneto-

217 3859 285 3906 rem
301 3843 475 3926 scripsere,
490 3847 825 3915 multelotiuissime
846 3844 939 3910 dicte
959 3851 1087 3908 tommo
1105 3859 1244 3926 puorsus
1256 3864 1314 3910 so·

217 3941 424 4012 liciteuen'ut.
468 3945 598 4032 Mognu
618 3967 733 4013 eorum
757 3965 853 4030 seges
866 3963 911 4011 ex
931 3943 985 4010 Cl.
1000 3941 1175 4026 vindingii
1188 3945 1314 4012 notulis

219 4043 332 4126 colligi
361 4055 490 4129 posset,
516 4049 582 4114 nisi
614 4049 686 4134 J'em
715 4047 893 4114 absolvere
926 4045 1015 4112 lrnne
1042 4038 1312 4113 &mintionem

218 4142 348 4208 unimus
361 4146 468 4214 lenm.
513 4149 716 4234 Speoiminis
726 4155 840 4216 temen
853 4149 932 4214 lece
942 4144 1115 4230 sequentis
1127 4145 1224 4211 hubo.
