2959 4875
379 334 428 389 ue
451 340 628 391 rrrsroarr
653 342 763 392 enom
785 338 962 395 reorent.
1173 332 1218 399 33

133 480 186 545 tel
197 480 385 547 labicana.
410 502 488 567 cap.
501 485 555 549 24.
568 484 613 549 ‘A
627 487 717 551 bono
731 486 935 572 honestoque
948 487 1079 574 elapsi,'
1093 489 1217 559 Grrece·

134 586 186 645 τοῦ
203 588 288 645 nant
308 583 438 669 κάγαθοῦ
452 582 621 661 turnines.
664 588 755 653 lbid·
776 590 952 657 ‘Eundem
973 610 1091 656 casum
1115 598 1215 677 alque

133 685 257 749 exitum
276 688 454 772 utriusque
470 690 746 768 custodiendum,'
761 692 825 757 boc
839 701 902 769 est,
917 694 1103 761 mveodnm
1117 696 1215 781 ipsis,

132 786 293 868 etquidem
306 790 471 873 quicquid
486 792 529 856 ab
543 791 595 857 hle
607 790 740 858 Graecis
754 796 788 857 in
807 794 1013 877 Polydorum
1035 796 1161 863 Priami
1176 798 1218 863 F.

134 886 366 967 designaretur,
388 889 478 954 idem
504 898 691 957 eventurum
719 899 812 957 esset
839 892 1010 960 Menelao.
1054 894 1111 962 lta
1138 918 1216 965 vero

133 990 217 1071 epnrl
232 988 376 1055 Grecos
391 991 602 1069 φυλάσσεσθαι,
616 991 822 1059 'comodire'
842 1000 877 1058 et
896 995 1056 1062 ‘msere'
1076 998 1216 1083 aliquid.

134 1090 281 1156 AElittnus
302 1090 384 1157 Var.
404 1094 499 1159 Hist.
515 1096 585 1160 1.5.
606 1094 639 1157 τὸ
653 1095 705 1177 μὴ
725 1098 786 1182 γὰρ
799 1092 898 1182 etsta?
911 1096 977 1182 οὐχ*
989 1100 1142 1183 ὑφορᾶται,
1157 1102 1216 1164 oo'll

131 1194 180 1273 μὴν
201 1192 377 1275 prem..
398 1202 492 1275 τοῦτο,
515 1200 649 1261 ‘escam
674 1198 857 1264 nonhabet
881 1205 1087 1281 suspectam,
1108 1220 1215 1285 neque

131 1294 191 1358 sibi
206 1296 250 1360 ab
265 1314 308 1360 ea
321 1294 441 1361 caret'
483 1297 560 1363 Act.
574 1296 695 1383 Apost.
717 1314 806 1364 xxt.
829 1301 883 1364 25.
905 1298 1215 1382 mairomontem),

131 1394 162 1459 ri
181 1393 367 1477 etiamtum,
381 1400 430 1461 ael
452 1400 484 1462 τὸ
507 1398 592 1481 alpe,
606 1404 666 1465 tic.
689 1404 699 1439 ‘
710 1408 747 1467 ut
768 1402 818 1465 illi
834 1408 977 1467 careant
998 1404 1064 1469 eibi
1085 1405 1129 1468 ab
1151 1404 1216 1482 iis,’

131 1504 284 1580 tanquam
305 1500 437 1564 amalo.
459 1519 536 1583 cap.
549 1500 603 1567 30.
626 1500 773 1585 ‘Virgo'
795 1500 1140 1586 oecumenicaque
1162 1514 1215 1570 te-

129 1617 198 1662 men
216 1608 325 1682 nupta
340 1600 414 1684 jam
433 1601 544 1666 suerat
566 1600 652 1683 Regi
668 1602 814 1667 Eetionl.
857 1603 1017 1669 videtu.
1043 1592 1128 1670 ¹Sed
1143 1608 1215 1673 siue

129 1696 230 1763 rlnbin
245 1700 280 1763 lu
292 1700 418 1766 Graeco
429 1702 493 1766 tuit
510 1698 599 1791 Κόρη,
615 1720 682 1784 qna
699 1721 783 1767 voce
796 1702 913 1786 Virgo,
920 1703 1018 1783 Filia,
1033 1713 1069 1770 et
1082 1704 1216 1788 Puella,

127 1802 226 1865 etiem
243 1800 374 1885 Nupta,
387 1808 532 1869 eotabrr.
553 1822 583 1867 c.
594 1804 648 1870 52.
662 1802 838 1889 ‘Reliquis
852 1804 996 1871 ducibus
1009 1806 1154 1874 levorem
1165 1815 1215 1874 at-

127 1902 339 1981 tollentibus:
364 1904 429 1968 boc
454 1908 517 1984 eet,
548 1903 691 1988 ιόφημῐαι,
718 1908 826 1972 ‘bona
849 1907 987 1986 omina,'
1015 1910 1097 1991 quia
1124 1912 1215 1993 quod

128 2002 240 2069 Graeci
261 2003 295 2068 in
318 2008 425 2070 sacris
451 2008 587 2089 ιύφημιῑι,
602 2007 666 2071 lroc
688 2006 801 2071 Iatioi
823 2008 958 2073 ‘severe
971 2009 1215 2089 buguis'dice-

126 2104 213 2171 baut.
259 2104 351 2171 Hinc
374 2106 503 2172 Noster
517 2108 618 2172 etiem
639 2116 737 2172 extra
762 2127 857 2174 encra
869 2109 928 2173 ubi
942 2111 1068 2193 reperit
1082 2111 1215 2193 εὐφημίαι
1253 2178 1258 2185 ,

126 2206 213 2290 apud
228 2216 399 2274 auctorem
413 2228 522 2287 mum,
537 2210 571 2273 id
579 2208 727 2275 reddidit
742 2230 802 2293 per
813 2209 1003 2274 ‘savorem’
1032 2211 1123 2275 Vide
1139 2214 1215 2278 istlo

26 2333 27 2349 ι
125 2312 225 2376 etiam
250 2310 413 2376 illustrem
436 2310 649 2397 Obrecbtnm.
693 2308 859 2376 Aduenis
881 2330 969 2395 pene
984 2320 1149 2396 perpetua
1171 2335 1216 2379 ex

124 2412 323 2494 Graecismo,
338 2412 561 2497 ‘Logatorum
576 2411 797 2479 Palamedes’
812 2428 837 2477 ι.
856 2412 889 2478 6.
911 2410 1128 2499 ‘Graecorum
1144 2415 1216 2481 lle·

125 2507 244 2579 celans
255 2513 265 2542 '
278 2531 318 2578 ιι.
333 2515 387 2579 20.
410 2513 658 2580 ‘Barbarorum
675 2513 826 2580 Hectore
844 2520 879 2578 et
899 2514 1104 2596 Sarpedone,
1119 2518 1214 2582 Grae-

127 2635 243 2681 corum
267 2614 442 2680 Diomede’
464 2633 503 2680 ιι.
524 2614 579 2679 33.
623 2615 782 2680 Similiter
805 2631 847 2678 ιι.
868 2614 922 2680 38.
944 2613 998 2679 43.
1014 2618 1073 2679 διο.
1116 2617 1215 2697 Τιιιιι,
1303 2688 1307 2698 ,

125 2719 206 2802 qnia
221 2717 338 2786 Graeci
364 2719 503 2801 copulas
524 2743 555 2780 rr
576 2715 626 2779 ael
648 2717 713 2781 subi
735 2718 878 2782 invicem
892 2717 1126 2801 respondentes
1144 2721 1215 2784 tere

124 2839 255 2904 semper
272 2820 453 2902 geminant,
467 2817 545 2882 ideo
559 2823 593 2881 et
609 2816 734 2882 Noster
753 2819 879 2901 passim
895 2820 905 2855 ‘
914 2837 977 2902 que
988 2817 1039 2883 et’
1059 2819 1093 2882 iu
1104 2821 1216 2903 proxi-

122 2941 178 2986 mo
188 2919 317 3005 jungit,
333 2925 369 2984 et
387 2919 540 3003 opponit.
585 2917 644 2982 Sic
661 2935 703 2983 ιι.
717 2917 773 2983 m.
795 2926 846 2983 tcr
863 2938 930 2983 nnc
950 2925 983 2984 et
1004 2920 1098 2984 brevi
1111 2923 1144 2985 in
1160 2941 1219 2986 ca.

123 3023 216 3106 pite:
249 3019 345 3100 ‘Qui
376 3021 420 3085 ob
439 3038 584 3084 amorem
604 3019 751 3102 captivae
774 3019 925 3083 mulieris
954 3039 1056 3103 seque
1075 3028 1111 3085 et
1131 3021 1215 3087 tanti

122 3124 273 3188 numinis
288 3121 398 3186 Deum
413 3119 593 3186 contemtui
613 3119 794 3197 habuisset,
815 3138 857 3184 ac
878 3138 957 3184 mox
977 3121 1121 3184 universi
1135 3141 1216 3186 exe-

123 3227 209 3291 crati
235 3223 416 3288 deseruere
437 3223 481 3286 ob
502 3215 601 3304 idque
625 3227 661 3286 et
680 3239 849 3285 memores
870 3220 1084 3285 Palamedis!
1125 3223 1216 3286 Dein

123 3323 303 3390 ‘Achilles
324 3325 359 3386 in
381 3343 437 3388 ore
459 3323 603 3386 omnium
632 3319 808 3404 ip'snmque
828 3329 864 3384 et
885 3320 1074 3386 Menelaum
1101 3331 1216 3387 contu·

121 3429 235 3492 meliis
262 3423 457 3491 lacerabat!
499 3423 658 3488 Similiter
679 3439 719 3485 11.
742 3425 795 3486 42.
838 3421 1087 3508 ‘Nostraeque
1114 3432 1216 3508 atque

123 3530 242 3594 hostes
252 3527 274 3610 ;'
295 3526 361 3599 τοὺς
373 3521 520 3609 ἡμετέρους
533 3548 575 3602 τι,
587 3523 636 3586 καὶ
651 3524 715 3597 τοὺς
728 3520 887 3604 πολεμίους.

168 3647 254 3696 xvr.
265 3629 358 3694 Satis
373 3646 537 3714 superque
546 3627 619 3692 lraec
634 3627 820 3690 exduobne
834 3631 962 3690 tanturn
971 3624 1066 3689 libris
1076 3623 1217 3692 collecta

124 3731 300 3798 declarant
323 3730 528 3812 quantopere
553 3725 734 3794 Graecis'set
758 3733 873 3792 noster
900 3727 1084 3810 Interpres:
1117 3735 1217 3812 atque

127 3833 214 3900 adeo
237 3850 342 3917 quam
368 3829 539 3914 probabile
563 3832 617 3909 sit,
640 3829 728 3914 quod
749 3831 807 3906 nit,
832 3827 878 3893 ‘ex
903 3827 1028 3892 Graeco
1047 3828 1216 3912 Scriptura

126 3935 211 4002 banc
231 3933 408 3999 historiam
423 3950 462 3995 se
486 3931 647 4000 vertisse,
677 3928 797 4013 Neque
821 3929 912 4012 rejici
936 3948 977 3993 en
998 3927 1109 4007 velim,
1125 3929 1217 4013 qnod

128 4036 284 4101 nonnulla
297 4053 342 4100 cx
362 4035 406 4098 iis
427 4031 525 4098 etiam
547 4031 636 4116 apud
659 4032 746 4096 elios
762 4031 884 4096 alicubi
900 4036 1074 4095 occurrant
1090 4029 1216 4098 [atinae

130 4137 269 4222 Linguae
284 4134 481 4220 Scriptores.
523 4131 597 4198 Nec
619 4132 707 4195 euim
724 4131 862 4212 singulae
876 4131 1012 4214 phrases
1028 4132 1216 4213 separatim,

196 4253 316 4316 nepaes
329 4251 463 4302 unctu.
600 4247 668 4298 Dirt.
687 4249 746 4296 Cret
1131 4247 1153 4294 c
