2959 4875
389 330 444 387 ua
464 328 643 383 ursionis
670 332 778 381 nuuur
803 335 977 385 unciaru.
1179 322 1221 385 47

130 492 198 539 suo
213 474 307 557 operi
321 475 539 559 praescripsit,
555 494 698 567 eumque
713 474 812 544 tinxit
833 476 1001 543 Idomenei
1016 474 1222 543 cretensium

129 576 237 659 reguli
251 576 353 639 fuisse
375 578 530 643 comitem
553 579 587 641 in
607 577 821 661 expeditione
840 598 863 643 a
877 577 1007 643 Graecis
1028 578 1062 641 in
1083 577 1222 661 Trojam

132 682 300 759 susceptu.
343 676 393 743 Ut
402 697 483 745 vero
492 698 575 762 opus
588 679 652 743 hoc
666 686 734 743 tnui
747 682 902 761 specioso
912 679 1044 741 nomine
1059 686 1222 756 ornatum,

131 779 232 843 etiam
247 786 378 845 aetatem
394 780 525 865 antiqui
550 779 638 847 adeo
659 780 808 853 auctoris
829 780 916 862 ipsis
930 780 1035 844 uoluti
1048 780 1157 843 oculis
1172 781 1223 844 in-

133 888 268 961 gereret,
278 882 417 963 scripsit
428 880 513 947 illud
526 881 646 945 ‘literis
656 880 1024 964 Punicis,'quolestuuc
1035 887 1125 946 erant
1141 880 1222 945 Poe,

131 982 186 1045 nis
199 982 235 1047 in
250 1000 325 1058 usn,
340 988 375 1047 et
390 982 545 1067 qualibus
556 982 712 1047 credebat
722 983 971 1065 antiquissimos
986 982 1129 1048 Graecos
1138 983 1221 1047 olim

131 1100 224 1159 usos,
237 1085 320 1165 quia
333 1082 409 1151 illos
421 1080 538 1147 literas
553 1101 598 1145 ex
609 1081 785 1147 Phoenioia
799 1102 858 1165 per
869 1082 1030 1147 Cadmum
1044 1086 1223 1167 accepisse

132 1188 237 1261 norat,
248 1182 328 1247 licet
339 1182 481 1247 Punicae
495 1181 677 1249 Neroniani
690 1184 849 1267 temporis
860 1183 967 1249 literas
977 1186 1116 1249 multum
1130 1185 1222 1251 haud

134 1283 233 1369 dubie
256 1290 396 1349 mutatae
416 1284 490 1367 jam
512 1289 622 1349 essent
637 1286 681 1349 ab
701 1284 780 1363 illis,
806 1304 888 1367 quas
908 1286 986 1349 olim
1014 1284 1162 1351 Cadmus
1183 1288 1220 1351 in

132 1384 300 1451 Graeciam
321 1385 487 1450 intulerat.
529 1385 697 1451 Praeterea
718 1386 856 1468 scripsit
874 1386 956 1454 illud
978 1388 1013 1452 in
1037 1386 1222 1472 ‘Philyria’
1315 1446 1327 1457 .

15 1536 16 1555 r
133 1508 190 1551 seu
214 1486 360 1565 ‘Tiliis,'
382 1489 446 1552 hoc
473 1493 533 1566 est,
555 1486 611 1551 vol
633 1487 667 1551 in
687 1487 823 1552 tabellis
845 1488 999 1565 tiliacois,
1020 1489 1062 1551 de
1081 1506 1221 1571 quarum

132 1589 269 1671 antiquo
285 1595 319 1652 et
332 1588 499 1671 frequenti
521 1608 583 1655 usu
606 1596 680 1653 aute
699 1588 862 1655 inuentam
877 1608 1040 1673 papyrum
1058 1598 1094 1655 et
1116 1610 1220 1659 mom·

130 1690 264 1775 branam
278 1708 525 1773 pergamenam,
539 1692 665 1771 egimus
680 1690 723 1755 ad
734 1690 915 1765 Allienum,
931 1688 1015 1755 Var.
1030 1690 1121 1756 Hist.
1137 1708 1221 1757 xtv.

131 1791 183 1857 12
227 1788 342 1855 Velio
354 1790 580 1855 voluminibus
596 1809 641 1855 ex
654 1791 755 1868 libro,
768 1810 826 1855 seu
842 1791 997 1856 interiore
1012 1793 1125 1860 tunica
1135 1794 1221 1861 iuter

132 1894 289 1959 corticem
303 1898 339 1957 et
354 1892 479 1975 lignum
498 1892 591 1969 tiliae,
604 1888 769 1968 formatis,
783 1892 817 1953 in
828 1892 953 1973 quibus
964 1898 999 1957 et
1013 1893 1101 1974 ipsis
1115 1897 1222 1979 scrip-

131 1992 313 2061 scmntvel
332 1994 481 2059 maxime
497 1993 738 2076 antiquissimis
758 1994 979 2075 temporibus.
1022 1991 1113 2059 Vide
1128 1994 1220 2066 Vos·

134 2096 219 2161 sium
236 2096 279 2159 de
293 2095 375 2161 Arte
390 2094 573 2160 Grammat.
590 2110 615 2159 t.
625 2094 681 2159 36.
709 2093 864 2177 Denique
875 2093 970 2159 finxit
983 2097 1138 2163 inventos
1145 2116 1221 2165 ease

15 2172 17 2217 ᾖ
130 2198 191 2263 bos
204 2198 335 2263 libellos
358 2196 394 2259 in
420 2196 576 2279 sepulcro
599 2195 690 2259 illius
713 2194 870 2277 Dictyos,
884 2195 972 2276 qood
1000 2202 1095 2263 torrae
1117 2204 1222 2274 motu,

132 2319 228 2383 quem
251 2306 400 2363 senserat
426 2302 503 2360 tnnc
528 2294 639 2371 Creta,
661 2293 844 2375 collapsum
872 2298 906 2356 et
930 2303 1081 2376 apertum
1108 2295 1221 2363 fuerit.

15 2451 16 2460 η
131 2400 253 2486 Neque
265 2406 441 2466 caruerunt
456 2415 612 2462 successu
636 2414 699 2460 suo
718 2394 770 2460 hae
787 2400 874 2461 artos
892 2402 929 2460 et
951 2394 1100 2476 fraudes,
1116 2397 1220 2482 siqui·

131 2505 205 2570 dem
223 2524 292 2570 non
315 2504 389 2586 ipse
411 2501 538 2565 tautum
570 2499 694 2564 Praxis
717 2499 854 2562 unctius
877 2498 923 2562 ab
947 2497 1083 2564 cnsare
1105 2502 1221 2567 rotulit

130 2613 246 2690 caput,
261 2605 320 2670 sed
337 2613 372 2670 et
385 2602 573 2686 ipsumhoc
589 2619 676 2682 opus
689 2599 791 2664 literis
807 2597 938 2662 Graecis
952 2616 1009 2662 seu
1024 2597 1149 2666 Atticis
1163 2601 1221 2667 de·
1339 2623 1346 2632 ·

129 2710 300 2792 scripturn,
317 2699 473 2789 tanquam
488 2701 663 2784 genuinum
689 2703 700 2733 ‘
715 2698 846 2781 antiqui
866 2696 954 2775 Viri,
976 2698 1034 2780 qui
1056 2699 1145 2782 apud
1161 2701 1219 2766 lli·

128 2831 182 2876 nm
205 2809 324 2886 fuerat,
348 2803 619 2878 monumentum:
644 2802 678 2865 in
694 2799 863 2883 publicam
880 2805 961 2862 tnnc
975 2799 1040 2863 suit
1053 2809 1219 2882 receptum

129 2909 384 2983 Bibliothecam,
399 2907 495 2970 etita
516 2903 688 2984 vulgatum
710 2901 879 2983 deinceps,
895 2908 932 2964 ut
945 2897 1061 2966 Graeci
1080 2901 1220 2968 multum
1290 2965 1296 2978 ,

131 3033 171 3078 eo
184 3011 312 3076 suerint
324 3008 390 3084 usi,
407 3012 445 3071 et
464 3024 525 3088 pro
546 3023 624 3068 uero
640 3001 864 3086 antiquissimi
887 3000 1030 3084 Dictyos
1047 3002 1221 3068 habuerint

130 3117 224 3186 fretu,
246 3112 346 3186 nude,
363 3115 401 3173 ut
415 3111 461 3173 ait
488 3108 652 3188 Prologus
668 3105 800 3191 Operis,
827 3103 958 3167 ‘uerior
978 3099 1114 3185 Trojani
1141 3104 1221 3170 belli

130 3223 244 3282 textus
260 3209 458 3279 innotuerit.'

171 3333 276 3382 xxx.
300 3314 374 3380 Nec
388 3313 496 3376 minos
510 3310 686 3392 magnifice
701 3307 744 3374 de
762 3327 804 3372 oo
826 3304 937 3370 sensit
951 3302 1146 3386 Septimius,
1160 3307 1220 3387 qui

130 3413 436 3492 idcirco‘ouidus,'
452 3416 560 3491 nteit,
586 3417 691 3476 ‘veruo
716 3407 882 3474 bistoriae'
902 3407 984 3472 illud
1007 3406 1127 3477 latiae
1146 3424 1221 3472 uer·

132 3543 203 3588 sum
218 3540 281 3586 suo
305 3519 396 3603 stylo
419 3515 596 3599 explicuit,
611 3514 642 3578 si
666 3512 753 3578 tides
776 3509 941 3593 Epistulae
965 3507 1042 3572 lunio
1062 3505 1222 3574 Versioni

131 3624 314 3709 praemissae
330 3629 387 3684 est
400 3617 560 3683 habenda.
605 3614 688 3678 Eam
706 3631 786 3676 vero
800 3612 938 3692 derogat
961 3609 1011 3674 illi
1037 3607 1114 3673 Jos.
1129 3607 1222 3673 Mer·

133 3747 233 3804 cerus,
261 3739 406 3804 eamque
421 3716 610 3802 Epistolam
633 3711 810 3780 ‘omnino’
831 3712 972 3778 affirmat
992 3710 1132 3792 ‘nuperi
1146 3728 1223 3774 esso

134 3839 166 3896 et
180 3827 322 3912 imperiti
339 3817 614 3898 Grammaticuli,’
625 3837 717 3893 cum,
727 3815 817 3899 qnod
831 3814 874 3877 ad
890 3813 1029 3877 alteram
1042 3809 1221 3876 Praelatio-

135 3951 215 4008 uem,
228 3949 289 3994 sen
315 3923 512 4004 Prolugum,
526 3941 591 3986 non
617 3919 757 3994 dubitet,
771 3916 851 3999 quin
869 3915 918 3978 sit
942 3914 985 3976 ab
1005 3911 1082 3992 ipso
1107 3909 1235 3991 operis.

136 4035 302 4116 scriptore,
321 4045 423 4110 quem
446 4023 480 4087 id
503 4041 591 4106 opus
613 4039 679 4090 non
701 4039 747 4084 cx
760 4016 886 4081 Graeco
910 4000 1064 4088 ventem:
1078 4009 1138 4074 sed
1154 4010 1220 4074 La·

132 4135 192 4202 tino
207 4142 366 4198 sermone
382 4123 615 4206 composuisse
628 4118 809 4186 contendit.
833 4111 1078 4182 Posteriusboc
1090 4111 1220 4204 abunde
