2959 4875
237 348 300 415 268
402 334 406 341 ’
542 361 979 411 .υιοτγοεοιικτιικειε

238 524 371 591 quoquo
387 524 462 570 eum
481 496 662 572 Idomeneo
677 526 754 589 rege
767 508 906 572 Cretam
915 507 1060 591 patrium
1074 506 1182 571 solum
1198 526 1329 571 summa
1443 568 1446 573 Δ

240 607 464 691 gratulatione
487 609 610 673 nivium
629 608 873 673 remeavimus.¹
916 607 977 688 [a]
1000 608 1090 672 Dein
1104 608 1164 671 ubi
1179 606 1328 683 Orestes,

238 708 421 774 transaetis
444 708 596 790 pueritiae
619 709 735 786 narris,²
755 708 867 773 officia
891 710 955 773 viri
976 710 1098 791 exequi
1124 710 1240 793 eoepit,
1254 712 1330 772 orat

241 808 473 887 idomeneum,
489 811 536 875 nti
553 816 694 873 seeumu
717 829 760 873 ex
774 828 816 872 ea
828 809 937 875 insula
950 828 1050 891 qnam
1071 809 1234 893 plurimos
1255 810 1332 873 mit·

240 916 343 975 teret:
365 928 488 992 cupere
503 929 644 993 namque
667 929 703 975 se
725 909 877 973 Athenas
903 911 1069 991 navigare.
1113 908 1236 993 Itaque
1258 908 1332 974 ool·
1360 924 1366 934 ·

241 1010 328 1075 lecto
345 1030 480 1075 numero
496 1030 608 1075 eornm
625 1030 710 1095 quos
724 1009 865 1074 idoneos
879 1010 1044 1087 credebat,
1059 1010 1208 1075 Athenas
1223 1011 1331 1075 venit:

242 1111 284 1177 ab
299 1111 351 1175 his
366 1112 532 1177 auxilium
549 1122 665 1176 eontra
680 1110 871 1193 AEgisthnm
883 1116 968 1175 orat.
997 1110 1086 1175 Dein
1100 1111 1143 1174 ad
1159 1110 1332 1175 oraculum

242 1211 313 1277 adit
322 1219 353 1275 :¹
368 1230 635 1296 responsumque
646 1212 720 1289 lert,
731 1213 779 1277 uti
793 1219 943 1288 matrem,
954 1217 988 1276 et
999 1231 1075 1275 cnm
1088 1231 1131 1276 ea
1142 1212 1334 1293 AEgisthnm

242 1311 437 1379 interficiat:
467 1332 512 1376 ex
539 1332 608 1396 qno
636 1314 720 1389 sore,
749 1313 800 1377 uti
828 1331 960 1395 reguum
989 1314 1132 1395 patrium
1160 1314 1333 1396 reciperet.

243 1410 446 1493 Huiusmodi
460 1414 594 1479 numine
608 1419 773 1479 armatus³
796 1433 873 1477 enm
886 1412 1050 1495 praedicta
1063 1431 1164 1476 manu
1178 1411 1221 1477 ad
1237 1412 1333 1476 Stro-

242 1513 358 1597 phium
376 1514 481 1579 venit:
505 1516 535 1579 is
549 1532 694 1597 namque
709 1513 907 1591 Phocensis,
923 1512 1021 1596 cujas
1034 1511 1105 1575 lilia
1119 1513 1152 1575 in
1167 1513 1335 1577 matrimo-

242 1615 332 1679 ninm
347 1614 515 1697 AEgisthiv
537 1616 754 1699 denupserat,
769 1613 960 1697 indignatus
979 1612 1068 1695 quod
1092 1618 1205 1694 spreto
1224 1615 1336 1695 priore

245 1715 401 1799 conjugio
419 1714 708 1800 Glytaemnestram
730 1714 970 1798 superduxerit,
996 1720 1029 1777 et
1052 1731 1165 1795 regem
1189 1715 1336 1778 omnium

247 1813 530 1897 Agamemnonem
546 1818 678 1883 insidiis
694 1816 908 1893 iuterfeoerit,
931 1816 1019 1880 ultro
1042 1815 1074 1878 ei
1096 1815 1257 1879 auxilinm
1277 1814 1337 1879 ad·

245 1933 377 1981 versum
391 1919 642 1985 inimicissimos
657 1918 831 1985 obtulerat.
854 1916 974 2002 Itaque
985 1917 1272 2000 conspiratointer
1284 1936 1336 1993 se,

247 2034 323 2079 eum
350 2038 470 2100 magua
498 2040 597 2085 manu
627 2020 794 2105 Mycenas
823 2021 971 2084 veniunt.
1029 2018 1215 2100 Statimque
1243 2017 1335 2101 quod

247 2118 421 2199 AEgisthus
437 2122 583 2200 aberat:
604 2123 711 2206 primo
727 2121 1018 2205 clytemnestram
1032 2118 1241 2196 interficiunt,
1253 2117 1339 2182 mul·

248 2226 370 2302 tosque
386 2220 474 2285 alios
489 2223 549 2306 qui
563 2224 718 2288 resistere
733 2223 809 2287 ansi
824 2227 927 2287 eraut.
971 2222 1057 2286 Dein
1077 2222 1208 2303 cognito
1224 2220 1339 2301 AEgis—

247 2320 339 2385 thum
364 2323 553 2400 mvenmre,
574 2322 716 2389 insidias
742 2329 883 2407 ponunt,
904 2340 1045 2406 eumque
1070 2321 1340 2385 circumveniunt

249 2420 333 2487 Inde
348 2443 546 2506 peromnem
562 2422 762 2508 Argivorum
787 2423 950 2507 populum
967 2423 1130 2487 dissensio
1151 2421 1337 2486 animorum

248 2531 378 2601 exorta,
391 2526 533 2608 quoad⁴
553 2526 691 2591 diversa
705 2529 789 2590 inter
803 2545 840 2590 se
856 2528 1042 2607 cupientes,
1064 2522 1106 2587 ad
1130 2531 1337 2606 postremum

249 2624 284 2686 in
297 2628 421 2706 partes·
428 2626 647 2694 discederent.
690 2628 757 2693 Per
771 2627 858 2692 idern
873 2633 1004 2712 tempus
1021 2624 1206 2703 Menelaus,
1222 2624 1342 2706 appul-

252 2745 312 2790 sus
337 2724 493 2812 cretam:
520 2737 641 2795 cuncta
671 2749 772 2814 super
796 2730 1045 2813 Agamemnone
1072 2744 1237 2810 regnoque
1263 2725 1340 2808 ejus

709 2891 889 2912 oeconomo

281 2984 297 3030 ²
314 2980 406 3046 Delph.
417 2983 535 3035 adid—⁸
551 2987 674 3052 Vindiug.
684 2988 821 3052 legendnm
833 2994 909 3052 potat
919 2989 1093 3039 uinum-t
1105 2985 1198 3050 Delph-
1208 2983 1276 3048 qaod·

657 3167 661 3176 .
682 3142 686 3150 ’
742 3133 849 3184 NOTAE

284 3221 480 3289 atemere]
491 3226 641 3278 Vetumelii
651 3227 778 3292 scribunt,
817 3236 930 3280 nestram
946 3234 1057 3278 metreta
1072 3232 1101 3276 et
1111 3224 1253 3287 AEpirthnn
1271 3220 1343 3270 adul·

252 3297 429 3356 idomeneum,
444 3301 524 3352 Crete
539 3305 679 3369 repulsum,
691 3307 778 3356 Salea-
819 3313 902 3356 terum
919 3302 1067 3355 interlicere
1081 3301 1233 3364 jubebatur,
1249 3312 1299 3346 uon
1316 3299 1343 3347 ri

252 3373 320 3422 tinor
329 3388 432 3438 campos
444 3376 469 3424 in
478 3375 556 3426 ltalia
564 3379 701 3439 obsedisse,
711 3382 778 3431 unde
818 3396 877 3432 eum
898 3381 982 3444 copiis
1003 3380 1112 3436 irruens,
1134 3375 1179 3425 red
1200 3374 1269 3430 doto,
1293 3377 1343 3423 &⁰-

254 3449 279 3497 ln
292 3449 379 3500 Artem
391 3465 508 3501 revertur
522 3443 630 3507 interiit.
664 3457 716 3508 Atti
728 3466 779 3507 tra·
818 3457 886 3509 Vide
899 3458 1019 3522 Sophool.
1032 3455 1059 3504 in
1070 3447 1306 3512 m001r2,AErchyi.
1317 3449 1345 3497 ⁵¹¹

253 3523 326 3581 dunt,
338 3539 396 3575 eum
408 3540 538 3577 reversum
551 3531 619 3594 apud
631 3532 779 3596 Apollinem
819 3532 956 3582 Eumenid.
974 3527 1090 3591 Euripld.
1110 3526 1136 3573 in
1152 3524 1258 3584 Oreste,
1273 3522 1345 3586 Iphi·

254 3597 366 3649 Clarium
379 3601 535 3650 coaredisre.
819 3608 906 3670 genie,
914 3615 943 3656 et
952 3607 1067 3665 Electra,
1079 3600 1175 3665 syrte.
1187 3599 1321 3649 Pub-11⁹·

284 3674 292 3706 ⁸
312 3675 446 3724 nancto
452 3676 649 3746 paeritiaeaanir]
661 3681 780 3747 Orestes,
850 3690 862 3714 '
874 3676 1218 3745 Gajaefllieimtrimim
1225 3674 1345 3738 ΜΝ]

255 3763 313 3800 oum
322 3749 779 3815 AEgitthumocciditnatuuerrtra-
819 3759 879 3810 Non
897 3756 1001 3808 memini
1021 3768 1063 3804 me
1080 3753 1171 3817 legisse
1187 3751 1259 3813 alibi,
1273 3751 1346 3800 Suo-

255 3829 353 3877 nune.
820 3835 906 3898 phium
916 3832 1026 3898 AEgisthi
1037 3844 1152 3881 socerum
1163 3827 1250 3878 lutere.

288 3903 371 3951 uorat
383 3901 780 3970 ldomnean,utiaerum]'l'otnru
852 3919 868 3943 ¹
884 3910 1016 3972 Statim
1034 3908 1094 3970 Μ
1111 3905 1237 3967 Etim
1251 3902 1346 3967 stimi]

255 3976 333 4038 istud,
345 3976 377 4025 de
395 3978 496 4027 auxilli·
508 3979 541 4028 eh
554 3980 650 4030 Orerte
664 3997 780 4048 corrupe-
820 3983 1150 4051 extramoenianam.

257 4053 291 4101 tie
308 4060 336 4100 nt
353 4059 451 4116 patrem
468 4068 541 4104 enum
559 4055 733 4115 ulcisceretur,
748 4062 782 4110 ela
852 4069 865 4095 ³
882 4063 931 4112 Per
942 4063 1006 4111 iden
1022 4065 1111 4121 tempe·
1121 4055 1348 4117 Mammul-

257 4128 314 4188 ipso
331 4125 408 4189 Dicty
420 4124 508 4176 lictum
525 4136 573 4178 est.
607 4130 783 4198 orestesqui·
822 4139 983 4202 meretum]
1008 4136 1103 4183 Vtrum
1118 4139 1159 4181 0⁸⁸
1177 4129 1347 4192 “5⁰¹¹er

258 4201 316 4252 dem
328 4202 457 4252 oraculum
475 4205 646 4270 aceepit,quo
662 4208 783 4274 Clytum·
823 4214 971 4266 Menelaum
988 4226 1003 4262 a
1018 4209 1098 4260 Sunio
1113 4207 1271 4257 Athenarum
1288 4221 1349 4270 pro·
