2959 4875
242 334 286 402 bi
504 344 584 395 rao.
609 340 801 393 rauranum
828 337 1077 391 nroaaurauuo

243 504 332 571 unde
348 509 384 569 ot
397 504 408 539 ‘
421 501 580 566 bonorem
592 494 763 564 ’senilem’
783 495 887 563 voout
906 493 1131 581 Symmuobua
1151 492 1211 559 lib.
1228 506 1253 557 r.
1270 491 1336 577 Ep.

243 606 292 690 1.)
313 602 412 671 filios.
457 600 589 683 Nempe
604 598 767 666 Proculus
791 598 855 663 iate
876 596 1003 675 babuit,
1016 602 1056 662 nt
1068 614 1152 674 reor,
1166 595 1202 659 iu
1223 596 1339 679 matri·

243 706 358 774 monio
379 701 499 768 Aradii
520 699 635 766 Rufini
660 715 819 777 aurorem,
839 706 875 764 et
892 716 938 763 ex
964 718 1007 763 eo
1027 696 1235 765 matrimonio
1260 694 1338 761 nuti

243 816 323 875 aaut
336 804 380 885 Q.
397 802 502 869 Arad.
520 802 603 871 Rus.
621 800 696 868 Val.
719 800 883 867 Proculus
903 799 1037 865 Prason
1060 796 1252 864 Provinoiar
1265 797 1337 880 By·

243 926 374 976 raoenar
396 903 495 970 Anno
519 918 691 971 rruxxtrr.
714 912 751 969 et
764 902 805 969 Ιι.
818 900 924 970 Arad.
938 900 1020 967 Val.
1045 899 1211 989 Proculus
1232 898 1335 965 Preti

242 1012 314 1075 urb.
329 1020 502 1073 rruxxrx.
545 1004 674 1071 Consul
689 1020 814 1070 uxori.
826 1011 861 1069 et
871 1003 989 1071 multia
997 1001 1076 1069 aliia
1088 1000 1271 1066 bonoribus
1285 999 1337 1063 in·

241 1112 356 1195 riguis,
371 1126 456 1193 quoa
474 1112 635 1173 memorat
649 1105 798 1173 Marmor
819 1104 910 1190 apud
923 1104 1100 1171 Gruterum
1119 1101 1198 1167 861.
1210 1106 1245 1167 ot
1257 1100 1335 1166 diiii.

241 1210 404 1277 Solebani
418 1216 530 1275 autom
544 1208 624 1275 istis
643 1208 861 1294 temporibus,
886 1208 946 1292 qui
960 1206 1168 1271 divoraarum
1188 1203 1336 1285 gentium

241 1312 375 1379 uomina
395 1311 446 1375 itu
470 1310 665 1395 jungebant,
693 1310 762 1376 nisi
782 1328 824 1375 oa
842 1328 889 1374 ex
904 1306 1083 1393 adoptione
1104 1305 1336 1383 baboronbox

241 1420 391 1478 materna
412 1412 550 1490 familie,
565 1412 710 1477 maximo
724 1413 755 1477 ai
776 1410 918 1477 illustris
938 1414 1040 1488 earet,
1054 1406 1269 1494 potissimam
1276 1425 1335 1472 au·

241 1530 342 1591 mere,
362 1522 398 1577 at
419 1512 568 1595 paternis
588 1512 711 1579 addere
734 1514 789 1579 vel
803 1511 1015 1597 promittere.
1057 1508 1171 1594 ipriuo
1194 1526 1274 1573 voro
1288 1507 1336 1589 Q.

241 1611 361 1677 Aradii
384 1611 499 1680 Rufini
528 1611 635 1679 orrum
655 1614 711 1680 vol
748 1619 908 1698 nopotem
935 1616 1021 1697 puio
1054 1609 1151 1675 illum
1171 1607 1336 1674 Aradium

242 1710 416 1791 Rufinum,
438 1714 498 1797 qui
513 1711 613 1780 Anno
644 1730 779 1781 uoxvr.
800 1715 844 1779 ab
872 1712 1021 1791 iuliano,
1042 1710 1169 1778 Gomon
1189 1710 1336 1777 Oriontir

242 1814 426 1880 estfactum

285 1931 414 1981 xxxv.
436 1914 491 1982 Ita
504 1934 584 1981 vero
597 1916 710 2000 pluras
729 1915 803 1999 jam
823 1915 987 1981 babemus
1007 1914 1109 1981 istinn
1127 1913 1269 1980 nominis
1283 1913 1336 1979 ui·

239 2035 310 2097 ros,
324 2035 368 2081 ax
383 2016 506 2101 quibus
528 2017 671 2100 primum
686 2035 841 2083 oannem
863 2036 938 2083 osae
957 2017 1045 2082 buno
1062 2014 1214 2100 Septimii
1227 2014 1335 2081 noatri

240 2118 398 2195 amioum,
413 2118 494 2202 quia
508 2118 626 2183 eodem
640 2122 793 2203 temporo
807 2118 895 2184 duos
909 2117 1040 2203 reperio
1054 2117 1202 2183 illustres
1215 2114 1336 2183 itidem

240 2216 432 2302 Septimioa,
447 2218 585 2287 alterum
601 2218 1015 2298 amnemamnem
1030 2236 1119 2285 anno
1133 2225 1213 2303 port
1224 2216 1334 2284 And.

240 2318 412 2396 Rufinum,
428 2312 570 2385 altarum
585 2319 795 2405 Acindynurrr
812 2336 868 2385 xr.
881 2330 978 2387 'anno
993 2326 1070 2387 ante
1084 2319 1143 2386 Ar.
1159 2318 1335 2398 Rufinum,

237 2420 330 2486 orbis
345 2417 542 2486 Praefectos·
585 2418 789 2486 Posterioria
808 2410 910 2506 hujua
932 2420 1035 2500 iilius,
1056 2426 1095 2488 nt
1116 2420 1247 2506 opinor,
1261 2420 1335 2486 ool-

238 2519 314 2605 irga
343 2522 444 2588 etiam
466 2521 531 2587 init
558 2521 593 2586 in
614 2520 800 2590 Consulatu
830 2521 872 2586 L.
898 2519 959 2586 Ar.
981 2519 1059 2586 Val.
1086 2521 1223 2588 Prwuii
1243 2541 1333 2588 auno

239 2638 364 2687 rrxorr.
408 2622 462 2688 lix
483 2621 564 2702 illia,
592 2621 715 2700 Basso·
735 2627 771 2688 ot
798 2622 977 2708 Aoindyno
1011 2629 1118 2707 pabo,
1141 2622 1334 2690 altautmm

238 2722 432 2789 crediderim
452 2722 560 2788 iuiaao
580 2726 725 2788 nostrum
755 2723 966 2808 Septimium.
1023 2723 1113 2794 Nam
1142 2732 1242 2803 ouria,
1271 2727 1335 2810 qui

236 2825 325 2890 hano
338 2825 521 2891 vasionen
542 2828 612 2889 ium
632 2823 841 2891 familiariter
853 2828 946 2892 miait
964 2827 1010 2892 ad
1024 2825 1071 2906 Q.
1086 2825 1145 2890 Ar·
1161 2826 1334 2908 Rufinum,

229 2928 343 2992 'virum
358 2925 443 2990 adeo
457 2923 634 3003 illustrem,
648 2925 791 3010 ojurque
802 2927 952 2994 favorem
967 2927 1068 3012 quari
1084 2927 1162 3013 jure
1175 2947 1238 2994 ano
1250 2947 1334 2998 axe·

236 3028 296 3110 git,
308 3033 345 3094 nt
366 3027 538 3104 scriberet,
553 3030 564 3061 ‘
578 3025 643 3106 ’liu
659 3027 785 3094 Ruiine
798 3031 857 3109 mi,
875 3035 912 3097 nt
928 3046 1004 3097 aaa
1018 3035 1081 3102 eat,
1095 3030 1173 3096 iare
1185 3031 1335 3115 ooupt‘m:

144 3163 153 3180 ·
237 3146 313 3192 oum
328 3133 460 3212 oportet
474 3127 591 3192 itidem
605 3127 713 3193 iuiaao
726 3127 868 3196 iortnnoe
883 3138 919 3196 ot
935 3129 1108 3214 dignitatis
1121 3129 1211 3196 band
1224 3132 1331 3198 multo

235 3227 399 3294 irrierioris
421 3227 602 3293 hominem.
645 3227 771 3294 Verum
789 3236 865 3295 otor
886 3231 1035 3310 illorum,
1048 3232 1153 3298 immo
1165 3232 1271 3297 otiam
1284 3251 1334 3298 aa

235 3330 333 3412 plane
345 3329 513 3414 quispiam
528 3347 575 3394 ox
588 3328 671 3408 illis,
681 3329 808 3416 Diotyn
819 3332 907 3398 buno
923 3329 1047 3398 latina
1058 3335 1224 3401 ornaverit
1237 3335 1332 3401 ioou·

236 3432 335 3508 tione,
348 3431 430 3514 quia
443 3431 605 3508 inoortum
621 3437 687 3510 eat,
702 3432 930 3517 relinquamus
943 3421 983 3499 in'
992 3433 1116 3500 medio.

280 3545 423 3594 xxxvi.
446 3531 525 3597 Hoo
540 3533 662 3598 certius
678 3533 878 3600 arbitramur
889 3555 936 3600 ox
951 3543 1053 3603 rotate
1068 3536 1112 3617 Q.
1127 3535 1244 3603 Aradii
1256 3538 1330 3606 lin-

234 3631 304 3710 fiui,
319 3631 517 3715 Septimium
542 3631 642 3711 bono,
657 3633 814 3717 quiaquia
838 3635 913 3713 suit,
933 3637 1065 3704 vixiaae
1083 3644 1119 3705 et
1144 3640 1329 3706 versionem

233 3735 320 3800 hano
342 3733 530 3799 coniecisse
562 3741 711 3818 tompore
740 3735 946 3804 Diocletiani
974 3749 1036 3805 aut
1056 3740 1199 3820 oiroiter,
1227 3748 1329 3826 atque

235 3837 321 3903 adeo
344 3837 447 3919 paulo
472 3842 560 3916 unta,
575 3855 675 3919 quam
691 3837 965 3908 curimiauiemur
988 3844 1025 3907 in
1048 3841 1231 3926 imperinm
1254 3843 1329 3909 Ro·

233 3957 367 4003 manum
393 3937 457 4002 iuii
486 3937 621 4003 tandem
649 3939 786 4021 publica
807 3951 976 4026 receptus.
1021 3942 1125 4023 Quin,
1148 3963 1226 4008 oum
1247 3944 1329 4010 bnio

234 4039 491 4106 christianismo
505 4038 666 4106 adversos
677 4041 778 4114 etiam
792 4048 915 4127 postea
924 4046 1029 4112 iuiaao
1042 4045 1220 4131 plerosque
1235 4046 1329 4112 illua·

234 4147 301 4206 tres
322 4142 413 4208 urbis
437 4139 599 4210 Romanae
621 4141 809 4226 aarum,
825 4148 881 4214 vei
902 4167 947 4214 ex
967 4147 1170 4232 symmacho
1184 4155 1327 4225 oonsoet,
