<?xml version="1.0" encoding="UTF-8"?>
<!DOCTYPE html PUBLIC "-//W3C//DTD XHTML 1.0 Transitional//EN"
    "http://www.w3.org/TR/xhtml1/DTD/xhtml1-transitional.dtd">
<html xmlns="http://www.w3.org/1999/xhtml" xml:lang="en" lang="en">
 <head>
  <title>
</title>
<meta http-equiv="Content-Type" content="text/html;charset=utf-8" />
  <meta name='ocr-system' content='tesseract 3.04.00' />
  <meta name='ocr-capabilities' content='ocr_page ocr_carea ocr_par ocr_line ocrx_word'/>
</head>
<body>
  <div class='ocr_page' id='page_1' title='image "./dictyscretensis00josegoog/dictyscretensis00josegoog_0667.png"; bbox 0 0 2959 4875; ppageno 0'>
   <div class='ocr_carea' id='block_1_1' title="bbox 417 253 1228 372">
    <p class='ocr_par' dir='ltr' id='par_1_1' title="bbox 417 253 1228 372">
     <span class='ocr_line' id='line_1_1' title="bbox 417 253 1228 372; baseline 0.001 -10"><span class='ocrx_word' id='word_1_1' title='bbox 417 313 467 362; x_wconf 84' lang='lat' dir='ltr'><strong>ns</strong></span> <span class='ocrx_word' id='word_1_2' title='bbox 490 309 631 360; x_wconf 80' lang='lat' dir='ltr'><strong>uterus</strong></span> <span class='ocrx_word' id='word_1_3' title='bbox 655 307 856 372; x_wconf 75' lang='lat' dir='ltr'><strong>enurnrisr,</strong></span> <span class='ocrx_word' id='word_1_4' title='bbox 878 296 939 359; x_wconf 79' lang='lat' dir='ltr'><strong>tw.</strong></span> <span class='ocrx_word' id='word_1_5' title='bbox 1161 253 1228 368; x_wconf 67' lang='lat' dir='ltr'><strong>dit</strong></span> 
     </span>
    </p>
   </div>
   <div class='ocr_carea' id='block_1_2' title="bbox 139 450 1228 630">
    <p class='ocr_par' dir='ltr' id='par_1_2' title="bbox 139 450 1228 630">
     <span class='ocr_line' id='line_1_2' title="bbox 139 450 1228 534; baseline 0.003 -18"><span class='ocrx_word' id='word_1_6' title='bbox 139 451 239 526; x_wconf 78' lang='lat' dir='ltr'><strong>disus,</strong></span> <span class='ocrx_word' id='word_1_7' title='bbox 264 460 295 512; x_wconf 88' lang='lat' dir='ltr'><strong>et</strong></span> <span class='ocrx_word' id='word_1_8' title='bbox 308 451 361 516; x_wconf 85' lang='lat' dir='ltr'><strong>des</strong></span> <span class='ocrx_word' id='word_1_9' title='bbox 374 451 441 534; x_wconf 84' lang='lat' dir='ltr'><strong>pins</strong></span> <span class='ocrx_word' id='word_1_10' title='bbox 453 453 583 515; x_wconf 83' lang='lat' dir='ltr'><strong>illustres</strong></span> <span class='ocrx_word' id='word_1_11' title='bbox 598 451 696 514; x_wconf 82' lang='lat' dir='ltr'><strong>Herus</strong></span> <span class='ocrx_word' id='word_1_12' title='bbox 710 450 939 533; x_wconf 72' lang='lat' dir='ltr'><strong>del’dntiqnitt</strong></span> <span class='ocrx_word' id='word_1_13' title='bbox 961 457 1168 533; x_wconf 76' lang='lat' dir='ltr'><strong>payenne‘pct</strong></span> <span class='ocrx_word' id='word_1_14' title='bbox 1183 454 1228 518; x_wconf 81' lang='grc' dir='ltr'><strong>Μ.</strong></span> 
     </span>
     <span class='ocr_line' id='line_1_3' title="bbox 140 545 1227 630; baseline 0.006 -22"><span class='ocrx_word' id='word_1_15' title='bbox 140 549 260 630; x_wconf 77' lang='lat' dir='ltr'><strong>Dupuy,</strong></span> <span class='ocrx_word' id='word_1_16' title='bbox 272 548 382 610; x_wconf 84' lang='lat' dir='ltr'><strong>ott’on</strong></span> <span class='ocrx_word' id='word_1_17' title='bbox 393 547 448 611; x_wconf 80' lang='lat' dir='ltr'><strong>tait</strong></span> <span class='ocrx_word' id='word_1_18' title='bbox 460 550 523 612; x_wconf 86' lang='lat' dir='ltr'><strong>voir</strong></span> <span class='ocrx_word' id='word_1_19' title='bbox 535 565 593 628; x_wconf 90' lang='lat' dir='ltr'><strong>que</strong></span> <span class='ocrx_word' id='word_1_20' title='bbox 606 547 636 611; x_wconf 87' lang='lat' dir='ltr'><strong>le</strong></span> <span class='ocrx_word' id='word_1_21' title='bbox 649 547 749 622; x_wconf 80' lang='lat' dir='ltr'><strong>Culte,</strong></span> <span class='ocrx_word' id='word_1_22' title='bbox 767 549 812 611; x_wconf 84' lang='lat' dir='ltr'><strong>ies&#39;</strong></span> <span class='ocrx_word' id='word_1_23' title='bbox 826 547 990 629; x_wconf 75' lang='lat' dir='ltr'><strong>ttysnres,</strong></span> <span class='ocrx_word' id='word_1_24' title='bbox 999 545 1044 610; x_wconf 79' lang='lat' dir='ltr'><strong>lea</strong></span> <span class='ocrx_word' id='word_1_25' title='bbox 1053 545 1227 628; x_wconf 66' lang='lat' dir='ltr'><strong>&#39;Sacritiesa</strong></span> 
     </span>
    </p>
   </div>
   <div class='ocr_carea' id='block_1_3' title="bbox 15 644 1226 728">
    <p class='ocr_par' dir='ltr' id='par_1_3' title="bbox 15 644 1226 728">
     <span class='ocr_line' id='line_1_4' title="bbox 15 644 1226 728; baseline 0.005 -24"><span class='ocrx_word' id='word_1_26' title='bbox 15 653 16 659; x_wconf 78' lang='grc'>’</span> <span class='ocrx_word' id='word_1_27' title='bbox 137 655 169 705; x_wconf 84' lang='lat' dir='ltr'><strong>ct</strong></span> <span class='ocrx_word' id='word_1_28' title='bbox 182 645 227 706; x_wconf 85' lang='lat' dir='ltr'><strong>les</strong></span> <span class='ocrx_word' id='word_1_29' title='bbox 241 655 340 706; x_wconf 77' lang='lat' dir='ltr'>autres</span> <span class='ocrx_word' id='word_1_30' title='bbox 355 645 545 708; x_wconf 85' lang='lat' dir='ltr'><strong>Ceremonies</strong></span> <span class='ocrx_word' id='word_1_31' title='bbox 568 645 608 705; x_wconf 91' lang='lat' dir='ltr'><strong>du</strong></span> <span class='ocrx_word' id='word_1_32' title='bbox 623 644 802 726; x_wconf 77' lang='lat' dir='ltr'><strong>Paganisme</strong></span> <span class='ocrx_word' id='word_1_33' title='bbox 824 665 862 705; x_wconf 90' lang='lat' dir='ltr'><strong>ne</strong></span> <span class='ocrx_word' id='word_1_34' title='bbox 877 655 947 705; x_wconf 91' lang='lat' dir='ltr'><strong>sont</strong></span> <span class='ocrx_word' id='word_1_35' title='bbox 968 664 1027 724; x_wconf 91' lang='lat' dir='ltr'><strong>que</strong></span> <span class='ocrx_word' id='word_1_36' title='bbox 1046 644 1101 706; x_wconf 88' lang='lat' dir='ltr'><strong>des</strong></span> <span class='ocrx_word' id='word_1_37' title='bbox 1126 650 1226 728; x_wconf 89' lang='lat' dir='ltr'><strong>copies</strong></span> 
     </span>
    </p>
   </div>
   <div class='ocr_carea' id='block_1_4' title="bbox 137 735 1229 1011">
    <p class='ocr_par' dir='ltr' id='par_1_4' title="bbox 137 735 1229 1011">
     <span class='ocr_line' id='line_1_5' title="bbox 137 735 1224 820; baseline 0.005 -21"><span class='ocrx_word' id='word_1_38' title='bbox 137 739 318 820; x_wconf 79' lang='lat' dir='ltr'><strong>impariaites</strong></span> <span class='ocrx_word' id='word_1_39' title='bbox 342 741 381 801; x_wconf 90' lang='lat' dir='ltr'><strong>de</strong></span> <span class='ocrx_word' id='word_1_40' title='bbox 404 741 556 802; x_wconf 84' lang='lat' dir='ltr'><strong>l’Histoira</strong></span> <span class='ocrx_word' id='word_1_41' title='bbox 580 741 687 815; x_wconf 79' lang='lat' dir='ltr'><strong>sainte,</strong></span> <span class='ocrx_word' id='word_1_42' title='bbox 710 735 851 802; x_wconf 79' lang='lat' dir='ltr'><strong>Daretem</strong></span> <span class='ocrx_word' id='word_1_43' title='bbox 865 739 983 800; x_wconf 88' lang='lat' dir='ltr'><strong>Gallica</strong></span> <span class='ocrx_word' id='word_1_44' title='bbox 996 758 1083 819; x_wconf 90' lang='lat' dir='ltr'><strong>prosa</strong></span> <span class='ocrx_word' id='word_1_45' title='bbox 1096 751 1224 804; x_wconf 80' lang='lat' dir='ltr'><strong>verterat</strong></span> 
     </span>
     <span class='ocr_line' id='line_1_6' title="bbox 139 833 1228 916; baseline 0.005 -20"><span class='ocrx_word' id='word_1_46' title='bbox 139 837 251 898; x_wconf 70' lang='lat' dir='ltr'><strong>soeculo</strong></span> <span class='ocrx_word' id='word_1_47' title='bbox 267 837 330 916; x_wconf 90' lang='lat' dir='ltr'><strong>jam</strong></span> <span class='ocrx_word' id='word_1_48' title='bbox 351 837 555 898; x_wconf 85' lang='lat' dir='ltr'><strong>tertiodecimo</strong></span> <span class='ocrx_word' id='word_1_49' title='bbox 581 835 765 898; x_wconf 82' lang='lat' dir='ltr'><strong>Gotofredus</strong></span> <span class='ocrx_word' id='word_1_50' title='bbox 789 837 828 896; x_wconf 90' lang='lat' dir='ltr'><strong>de</strong></span> <span class='ocrx_word' id='word_1_51' title='bbox 840 833 1050 909; x_wconf 77' lang='lat' dir='ltr'><strong>waterfordia,</strong></span> <span class='ocrx_word' id='word_1_52' title='bbox 1069 836 1228 914; x_wconf 81' lang='lat' dir='ltr'><strong>Hibernas,</strong></span> 
     </span>
     <span class='ocr_line' id='line_1_7' title="bbox 139 930 1229 1011; baseline 0.003 -19"><span class='ocrx_word' id='word_1_53' title='bbox 139 931 213 992; x_wconf 87' lang='lat' dir='ltr'><strong>Ord.</strong></span> <span class='ocrx_word' id='word_1_54' title='bbox 229 932 474 996; x_wconf 83' lang='lat' dir='ltr'><strong>Proedicstomm.</strong></span> <span class='ocrx_word' id='word_1_55' title='bbox 490 933 567 994; x_wconf 88' lang='lat' dir='ltr'>Vide</span> <span class='ocrx_word' id='word_1_56' title='bbox 581 933 648 995; x_wconf 86' lang='lat' dir='ltr'><strong>Jac.</strong></span> <span class='ocrx_word' id='word_1_57' title='bbox 664 930 834 994; x_wconf 87' lang='lat' dir='ltr'><strong>Echnrdum</strong></span> <span class='ocrx_word' id='word_1_58' title='bbox 847 932 885 993; x_wconf 89' lang='lat' dir='ltr'><strong>de</strong></span> <span class='ocrx_word' id='word_1_59' title='bbox 903 932 1092 1011; x_wconf 76' lang='lat' dir='ltr'>scriptoribus</span> <span class='ocrx_word' id='word_1_60' title='bbox 1106 933 1229 996; x_wconf 77' lang='lat' dir='ltr'><strong>Ordinis</strong></span> 
     </span>
    </p>
   </div>
   <div class='ocr_carea' id='block_1_5' title="bbox 139 1023 1350 1110">
    <p class='ocr_par' dir='ltr' id='par_1_5' title="bbox 139 1023 1350 1110">
     <span class='ocr_line' id='line_1_8' title="bbox 139 1023 1350 1110; baseline 0.007 -24"><span class='ocrx_word' id='word_1_61' title='bbox 139 1027 329 1090; x_wconf 85' lang='lat' dir='ltr'><strong>Dominieani</strong></span> <span class='ocrx_word' id='word_1_62' title='bbox 343 1023 377 1090; x_wconf 80' lang='grc' dir='ltr'><strong>Τ.</strong></span> <span class='ocrx_word' id='word_1_63' title='bbox 395 1048 419 1090; x_wconf 87' lang='lat' dir='ltr'><strong>r.</strong></span> <span class='ocrx_word' id='word_1_64' title='bbox 433 1049 463 1110; x_wconf 90' lang='lat' dir='ltr'><strong>p.</strong></span> <span class='ocrx_word' id='word_1_65' title='bbox 476 1030 548 1090; x_wconf 82' lang='lat'><strong>467.</strong></span> <span class='ocrx_word' id='word_1_66' title='bbox 589 1029 659 1090; x_wconf 91' lang='lat' dir='ltr'><strong>Nou</strong></span> <span class='ocrx_word' id='word_1_67' title='bbox 674 1027 882 1102; x_wconf 86' lang='lat' dir='ltr'><strong>omittendum,</strong></span> <span class='ocrx_word' id='word_1_68' title='bbox 905 1026 985 1108; x_wconf 87' lang='lat' dir='ltr'><strong>quod</strong></span> <span class='ocrx_word' id='word_1_69' title='bbox 999 1029 1096 1091; x_wconf 84' lang='lat' dir='ltr'><strong>Dares</strong></span> <span class='ocrx_word' id='word_1_70' title='bbox 1109 1028 1229 1094; x_wconf 78' lang='lat' dir='ltr'><strong>Gottico</strong></span> <span class='ocrx_word' id='word_1_71' title='bbox 1340 1037 1350 1052; x_wconf 82' lang='lat'><em>⁴</em></span> 
     </span>
    </p>
   </div>
   <div class='ocr_carea' id='block_1_6' title="bbox 137 1123 1237 2258">
    <p class='ocr_par' dir='ltr' id='par_1_6' title="bbox 137 1123 1237 2258">
     <span class='ocr_line' id='line_1_9' title="bbox 138 1123 1230 1190; baseline 0.003 -5"><span class='ocrx_word' id='word_1_72' title='bbox 138 1123 227 1185; x_wconf 83' lang='lat' dir='ltr'><strong>etism</strong></span> <span class='ocrx_word' id='word_1_73' title='bbox 239 1133 333 1186; x_wconf 88' lang='lat' dir='ltr'><strong>metro</strong></span> <span class='ocrx_word' id='word_1_74' title='bbox 347 1126 485 1188; x_wconf 83' lang='lat' dir='ltr'><strong>astrictus</strong></span> <span class='ocrx_word' id='word_1_75' title='bbox 499 1133 582 1186; x_wconf 84' lang='lat' dir='ltr'><strong>extat</strong></span> <span class='ocrx_word' id='word_1_76' title='bbox 601 1125 632 1190; x_wconf 90' lang='lat' dir='ltr'><strong>in</strong></span> <span class='ocrx_word' id='word_1_77' title='bbox 655 1125 760 1188; x_wconf 85' lang='lat' dir='ltr'><strong>codiee</strong></span> <span class='ocrx_word' id='word_1_78' title='bbox 783 1124 887 1190; x_wconf 79' lang='lat' dir='ltr'><strong>saeenli</strong></span> <span class='ocrx_word' id='word_1_79' title='bbox 911 1142 978 1186; x_wconf 83' lang='lat' dir='ltr'><strong>xrs.</strong></span> <span class='ocrx_word' id='word_1_80' title='bbox 1002 1127 1230 1188; x_wconf 87' lang='lat' dir='ltr'><strong>membranaceo</strong></span> 
     </span>
     <span class='ocr_line' id='line_1_10' title="bbox 140 1219 1229 1286; baseline 0.005 -6"><span class='ocrx_word' id='word_1_81' title='bbox 140 1219 334 1284; x_wconf 69' lang='lat' dir='ltr'><strong>Bibliotheca</strong></span> <span class='ocrx_word' id='word_1_82' title='bbox 347 1221 550 1286; x_wconf 77' lang='lat' dir='ltr'><strong>Ambrosianus</strong></span> <span class='ocrx_word' id='word_1_83' title='bbox 562 1220 809 1285; x_wconf 85' lang='lat' dir='ltr'><strong>Mediolanensis.</strong></span> <span class='ocrx_word' id='word_1_84' title='bbox 828 1219 904 1284; x_wconf 90' lang='lat' dir='ltr'><strong>Vide</strong></span> <span class='ocrx_word' id='word_1_85' title='bbox 916 1220 954 1279; x_wconf 89' lang='lat' dir='ltr'><strong>V.</strong></span> <span class='ocrx_word' id='word_1_86' title='bbox 967 1221 1003 1281; x_wconf 87' lang='lat' dir='ltr'><strong>C.</strong></span> <span class='ocrx_word' id='word_1_87' title='bbox 1015 1220 1182 1285; x_wconf 84' lang='lat' dir='ltr'><strong>Bernhardi</strong></span> <span class='ocrx_word' id='word_1_88' title='bbox 1190 1223 1229 1284; x_wconf 91' lang='lat' dir='ltr'><strong>de</strong></span> 
     </span>
     <span class='ocr_line' id='line_1_11' title="bbox 139 1307 1230 1399; baseline 0.004 -21"><span class='ocrx_word' id='word_1_89' title='bbox 139 1316 336 1379; x_wconf 81' lang='lat' dir='ltr'><strong>Montiaucon</strong></span> <span class='ocrx_word' id='word_1_90' title='bbox 355 1317 489 1380; x_wconf 80' lang='lat' dir='ltr'><strong>Diariarm</strong></span> <span class='ocrx_word' id='word_1_91' title='bbox 507 1307 643 1382; x_wconf 76' lang='lat' dir='ltr'><strong>Italicum</strong></span> <span class='ocrx_word' id='word_1_92' title='bbox 656 1338 685 1399; x_wconf 87' lang='lat' dir='ltr'><strong>p.</strong></span> <span class='ocrx_word' id='word_1_93' title='bbox 703 1319 751 1380; x_wconf 89' lang='lat'><strong>19.</strong></span> <span class='ocrx_word' id='word_1_94' title='bbox 774 1326 806 1380; x_wconf 87' lang='lat' dir='ltr'><strong>et</strong></span> <span class='ocrx_word' id='word_1_95' title='bbox 818 1317 1077 1397; x_wconf 74' lang='lat' dir='ltr'><strong>Paloeogrsphiarn</strong></span> <span class='ocrx_word' id='word_1_96' title='bbox 1090 1319 1230 1382; x_wconf 71' lang='lat' dir='ltr'><strong>ereum</strong></span> 
     </span>
     <span class='ocr_line' id='line_1_12' title="bbox 137 1412 1232 1496; baseline 0 -24"><span class='ocrx_word' id='word_1_97' title='bbox 137 1431 170 1492; x_wconf 84' lang='lat' dir='ltr'><strong>p.</strong></span> <span class='ocrx_word' id='word_1_98' title='bbox 185 1414 254 1474; x_wconf 81' lang='lat'><strong>138.</strong></span> <span class='ocrx_word' id='word_1_99' title='bbox 267 1412 421 1480; x_wconf 83' lang='lat' dir='ltr'><strong>ubihnhea</strong></span> <span class='ocrx_word' id='word_1_100' title='bbox 430 1435 533 1496; x_wconf 77' lang='lat' dir='ltr'><strong>versus</strong></span> <span class='ocrx_word' id='word_1_101' title='bbox 544 1413 689 1496; x_wconf 86' lang='lat' dir='ltr'><strong>quosdam</strong></span> <span class='ocrx_word' id='word_1_102' title='bbox 697 1413 879 1496; x_wconf 86' lang='lat' dir='ltr'><strong>metaphrasi</strong></span> <span class='ocrx_word' id='word_1_103' title='bbox 893 1413 936 1474; x_wconf 91' lang='lat' dir='ltr'><strong>illi</strong></span> <span class='ocrx_word' id='word_1_104' title='bbox 948 1413 1128 1494; x_wconf 79' lang='lat' dir='ltr'><strong>praemissos.</strong></span> <span class='ocrx_word' id='word_1_105' title='bbox 1150 1417 1232 1478; x_wconf 84' lang='lat' dir='ltr'><strong>Con.</strong></span> 
     </span>
     <span class='ocr_line' id='line_1_13' title="bbox 138 1507 1226 1601; baseline 0.006 -33"><span class='ocrx_word' id='word_1_106' title='bbox 138 1507 263 1570; x_wconf 73' lang='lat' dir='ltr'><strong>ferenda</strong></span> <span class='ocrx_word' id='word_1_107' title='bbox 282 1509 386 1572; x_wconf 89' lang='lat' dir='ltr'><strong>itidem</strong></span> <span class='ocrx_word' id='word_1_108' title='bbox 399 1509 530 1572; x_wconf 79' lang='lat' dir='ltr'><strong>Historia</strong></span> <span class='ocrx_word' id='word_1_109' title='bbox 541 1511 670 1592; x_wconf 81' lang='lat' dir='ltr'><strong>Trojano</strong></span> <span class='ocrx_word' id='word_1_110' title='bbox 693 1511 805 1596; x_wconf 83' lang='lat' dir='ltr'><strong>scripta</strong></span> <span class='ocrx_word' id='word_1_111' title='bbox 817 1509 989 1601; x_wconf 25' lang='lat' dir='ltr'><strong>alGuidone</strong></span> <span class='ocrx_word' id='word_1_112' title='bbox 1014 1509 1053 1572; x_wconf 87' lang='lat' dir='ltr'><strong>de</strong></span> <span class='ocrx_word' id='word_1_113' title='bbox 1066 1513 1226 1587; x_wconf 78' lang='lat' dir='ltr'><strong>columna,</strong></span> 
     </span>
     <span class='ocr_line' id='line_1_14' title="bbox 138 1601 1232 1689; baseline 0.006 -27"><span class='ocrx_word' id='word_1_114' title='bbox 138 1601 536 1678; x_wconf 76' lang='lat' dir='ltr'><strong>Messanensi,s.0.128&#39;7.</strong></span> <span class='ocrx_word' id='word_1_115' title='bbox 551 1615 640 1689; x_wconf 85' lang='lat' dir='ltr'><strong>atque</strong></span> <span class='ocrx_word' id='word_1_116' title='bbox 655 1605 735 1668; x_wconf 84' lang='lat' dir='ltr'><strong>edita</strong></span> <span class='ocrx_word' id='word_1_117' title='bbox 745 1605 919 1686; x_wconf 78' lang='lat' dir='ltr'><strong>Argentinae</strong></span> <span class='ocrx_word' id='word_1_118' title='bbox 932 1606 1021 1666; x_wconf 72' lang='lat'><strong>1486.</strong></span> <span class='ocrx_word' id='word_1_119' title='bbox 1036 1615 1067 1669; x_wconf 85' lang='lat' dir='ltr'><strong>et</strong></span> <span class='ocrx_word' id='word_1_120' title='bbox 1078 1609 1169 1670; x_wconf 73' lang='lat'><strong>1489.</strong></span> <span class='ocrx_word' id='word_1_121' title='bbox 1178 1608 1232 1671; x_wconf 83' lang='lat' dir='ltr'><strong>tot.</strong></span> 
     </span>
     <span class='ocr_line' id='line_1_15' title="bbox 139 1697 1234 1786; baseline 0.008 -29"><span class='ocrx_word' id='word_1_122' title='bbox 139 1698 273 1782; x_wconf 88' lang='lat' dir='ltr'><strong>Utraque</strong></span> <span class='ocrx_word' id='word_1_123' title='bbox 286 1701 378 1764; x_wconf 89' lang='lat' dir='ltr'><strong>editio</strong></span> <span class='ocrx_word' id='word_1_124' title='bbox 392 1702 432 1764; x_wconf 89' lang='lat' dir='ltr'><strong>ad</strong></span> <span class='ocrx_word' id='word_1_125' title='bbox 445 1721 551 1766; x_wconf 86' lang='lat' dir='ltr'><strong>manns</strong></span> <span class='ocrx_word' id='word_1_126' title='bbox 564 1703 636 1764; x_wconf 89' lang='lat' dir='ltr'><strong>mihi</strong></span> <span class='ocrx_word' id='word_1_127' title='bbox 651 1711 707 1766; x_wconf 85' lang='lat' dir='ltr'><strong>est.</strong></span> <span class='ocrx_word' id='word_1_128' title='bbox 736 1701 861 1786; x_wconf 84' lang='lat' dir='ltr'>Incipit:</span> <span class='ocrx_word' id='word_1_129' title='bbox 883 1708 894 1736; x_wconf 78' lang='lat'><strong><em>⁴</em></strong></span> <span class='ocrx_word' id='word_1_130' title='bbox 908 1697 993 1762; x_wconf 82' lang='lat' dir='ltr'>Licet</span> <span class='ocrx_word' id='word_1_131' title='bbox 1005 1702 1113 1764; x_wconf 84' lang='lat' dir='ltr'><strong>cotidie</strong></span> <span class='ocrx_word' id='word_1_132' title='bbox 1133 1715 1234 1766; x_wconf 85' lang='lat' dir='ltr'><strong>vetera</strong></span> 
     </span>
     <span class='ocr_line' id='line_1_16' title="bbox 140 1795 1234 1882; baseline 0.002 -26"><span class='ocrx_word' id='word_1_133' title='bbox 140 1795 309 1860; x_wconf 77' lang='lat' dir='ltr'><strong>recentibus</strong></span> <span class='ocrx_word' id='word_1_134' title='bbox 323 1798 505 1863; x_wconf 65' lang='lat' dir='ltr'><strong>obruantur!</strong></span> <span class='ocrx_word' id='word_1_135' title='bbox 544 1799 579 1858; x_wconf 85' lang='lat' dir='ltr'><strong>ln</strong></span> <span class='ocrx_word' id='word_1_136' title='bbox 601 1799 664 1880; x_wconf 87' lang='lat' dir='ltr'><strong>ejus</strong></span> <span class='ocrx_word' id='word_1_137' title='bbox 686 1799 812 1882; x_wconf 73' lang='lat' dir='ltr'><strong>prologo</strong></span> <span class='ocrx_word' id='word_1_138' title='bbox 836 1797 902 1858; x_wconf 84' lang='lat' dir='ltr'><strong>heac</strong></span> <span class='ocrx_word' id='word_1_139' title='bbox 924 1797 1177 1878; x_wconf 81' lang='lat' dir='ltr'><strong>verbaleguntnr,</strong></span> <span class='ocrx_word' id='word_1_140' title='bbox 1201 1799 1234 1863; x_wconf 90' lang='lat' dir='ltr'><strong>in</strong></span> 
     </span>
     <span class='ocr_line' id='line_1_17' title="bbox 139 1891 1233 1976; baseline 0.004 -25"><span class='ocrx_word' id='word_1_141' title='bbox 139 1891 246 1972; x_wconf 87' lang='lat' dir='ltr'><strong>quibus</strong></span> <span class='ocrx_word' id='word_1_142' title='bbox 270 1891 394 1956; x_wconf 85' lang='lat' dir='ltr'><strong>Latinus</strong></span> <span class='ocrx_word' id='word_1_143' title='bbox 407 1893 532 1976; x_wconf 80' lang='lat' dir='ltr'><strong>Dictyos</strong></span> <span class='ocrx_word' id='word_1_144' title='bbox 545 1893 689 1976; x_wconf 74' lang='lat' dir='ltr'><strong>interpres</strong></span> <span class='ocrx_word' id='word_1_145' title='bbox 703 1895 799 1956; x_wconf 89' lang='lat' dir='ltr'><strong>multa</strong></span> <span class='ocrx_word' id='word_1_146' title='bbox 811 1891 912 1954; x_wconf 70' lang='lat' dir='ltr'><strong>Greci</strong></span> <span class='ocrx_word' id='word_1_147' title='bbox 926 1891 1061 1954; x_wconf 89' lang='lat' dir='ltr'><strong>omisisse</strong></span> <span class='ocrx_word' id='word_1_148' title='bbox 1078 1894 1233 1974; x_wconf 73' lang='lat' dir='ltr'><strong>arguitur:</strong></span> 
     </span>
     <span class='ocr_line' id='line_1_18' title="bbox 139 1987 1237 2076; baseline 0.004 -30"><span class='ocrx_word' id='word_1_149' title='bbox 139 1991 148 2020; x_wconf 87' lang='lat'>‘</span> <span class='ocrx_word' id='word_1_150' title='bbox 164 1987 209 2047; x_wconf 85' lang='lat' dir='ltr'><strong>Ea</strong></span> <span class='ocrx_word' id='word_1_151' title='bbox 221 2007 288 2066; x_wconf 76' lang='lat' dir='ltr'><strong>quae</strong></span> <span class='ocrx_word' id='word_1_152' title='bbox 304 2008 356 2068; x_wconf 88' lang='lat' dir='ltr'><strong>per</strong></span> <span class='ocrx_word' id='word_1_153' title='bbox 365 1989 464 2052; x_wconf 82' lang='lat' dir='ltr'><strong>Ditem</strong></span> <span class='ocrx_word' id='word_1_154' title='bbox 479 1990 559 2071; x_wconf 77' lang='lat' dir='ltr'><strong>(lege</strong></span> <span class='ocrx_word' id='word_1_155' title='bbox 570 1991 704 2070; x_wconf 70' lang='lat' dir='ltr'><strong>Dictys)</strong></span> <span class='ocrx_word' id='word_1_156' title='bbox 717 1989 858 2052; x_wconf 73' lang='lat' dir='ltr'><strong>Graecum</strong></span> <span class='ocrx_word' id='word_1_157' title='bbox 869 1998 901 2047; x_wconf 88' lang='lat' dir='ltr'><strong>et</strong></span> <span class='ocrx_word' id='word_1_158' title='bbox 912 1987 1073 2070; x_wconf 80' lang='lat' dir='ltr'><strong>Phrygium</strong></span> <span class='ocrx_word' id='word_1_159' title='bbox 1082 1989 1237 2076; x_wconf 64' lang='lat' dir='ltr'><strong>uareoem</strong></span> 
     </span>
     <span class='ocr_line' id='line_1_19' title="bbox 139 2082 1235 2166; baseline 0.005 -25"><span class='ocrx_word' id='word_1_160' title='bbox 139 2082 192 2162; x_wconf 90' lang='lat' dir='ltr'><strong>qui</strong></span> <span class='ocrx_word' id='word_1_161' title='bbox 204 2091 336 2164; x_wconf 81' lang='lat' dir='ltr'><strong>tcmpore</strong></span> <span class='ocrx_word' id='word_1_162' title='bbox 347 2085 466 2164; x_wconf 83' lang='lat' dir='ltr'><strong>Trojani</strong></span> <span class='ocrx_word' id='word_1_163' title='bbox 480 2085 556 2144; x_wconf 87' lang='lat' dir='ltr'><strong>Beiti</strong></span> <span class='ocrx_word' id='word_1_164' title='bbox 566 2086 704 2146; x_wconf 82' lang='lat' dir='ltr'><strong>continue</strong></span> <span class='ocrx_word' id='word_1_165' title='bbox 715 2084 747 2142; x_wconf 90' lang='lat' dir='ltr'><strong>in</strong></span> <span class='ocrx_word' id='word_1_166' title='bbox 756 2101 858 2144; x_wconf 85' lang='lat' dir='ltr'><strong>comm</strong></span> <span class='ocrx_word' id='word_1_167' title='bbox 868 2084 1047 2144; x_wconf 80' lang='lat' dir='ltr'><strong>exercitibus</strong></span> <span class='ocrx_word' id='word_1_168' title='bbox 1061 2087 1143 2144; x_wconf 79' lang='lat' dir='ltr'><strong>tuere</strong></span> <span class='ocrx_word' id='word_1_169' title='bbox 1156 2103 1235 2166; x_wconf 73' lang='lat' dir='ltr'><strong>pres·</strong></span> 
     </span>
     <span class='ocr_line' id='line_1_20' title="bbox 140 2177 1236 2258; baseline 0.001 -19"><span class='ocrx_word' id='word_1_170' title='bbox 140 2189 252 2251; x_wconf 87' lang='lat' dir='ltr'><strong>sentes,</strong></span> <span class='ocrx_word' id='word_1_171' title='bbox 275 2180 434 2253; x_wconf 90' lang='lat' dir='ltr'><strong>ethorum,</strong></span> <span class='ocrx_word' id='word_1_172' title='bbox 458 2199 525 2258; x_wconf 89' lang='lat' dir='ltr'><strong>quas</strong></span> <span class='ocrx_word' id='word_1_173' title='bbox 539 2177 686 2249; x_wconf 81' lang='lat' dir='ltr'><strong>viderunt,</strong></span> <span class='ocrx_word' id='word_1_174' title='bbox 700 2186 771 2238; x_wconf 90' lang='lat' dir='ltr'><strong>sunt</strong></span> <span class='ocrx_word' id='word_1_175' title='bbox 793 2177 957 2254; x_wconf 79' lang='lat' dir='ltr'><strong>fidelissimi</strong></span> <span class='ocrx_word' id='word_1_176' title='bbox 979 2177 1133 2251; x_wconf 84' lang='lat' dir='ltr'><strong>relatores,</strong></span> <span class='ocrx_word' id='word_1_177' title='bbox 1158 2181 1236 2240; x_wconf 89' lang='lat' dir='ltr'><strong>etin</strong></span> 
     </span>
    </p>
   </div>
   <div class='ocr_carea' id='block_1_7' title="bbox 140 2265 1370 2362">
    <p class='ocr_par' dir='ltr' id='par_1_7' title="bbox 140 2265 1370 2362">
     <span class='ocr_line' id='line_1_21' title="bbox 140 2265 1370 2362; baseline 0.002 -27"><span class='ocrx_word' id='word_1_178' title='bbox 140 2283 316 2362; x_wconf 71' lang='lat' dir='ltr'><strong>presentem</strong></span> <span class='ocrx_word' id='word_1_179' title='bbox 329 2275 460 2336; x_wconf 83' lang='lat' dir='ltr'><strong>libellum</strong></span> <span class='ocrx_word' id='word_1_180' title='bbox 473 2295 525 2358; x_wconf 88' lang='lat' dir='ltr'><strong>per</strong></span> <span class='ocrx_word' id='word_1_181' title='bbox 539 2293 586 2335; x_wconf 93' lang='lat' dir='ltr'><strong>me</strong></span> <span class='ocrx_word' id='word_1_182' title='bbox 602 2269 734 2354; x_wconf 87' lang='lat' dir='ltr'><strong>judicem</strong></span> <span class='ocrx_word' id='word_1_183' title='bbox 754 2270 924 2333; x_wconf 83' lang='lat' dir='ltr'><strong>Gnidoucm</strong></span> <span class='ocrx_word' id='word_1_184' title='bbox 939 2270 977 2332; x_wconf 89' lang='lat' dir='ltr'><strong>de</strong></span> <span class='ocrx_word' id='word_1_185' title='bbox 990 2273 1139 2334; x_wconf 77' lang='lat' dir='ltr'><strong>Columna</strong></span> <span class='ocrx_word' id='word_1_186' title='bbox 1152 2276 1236 2358; x_wconf 75' lang='lat' dir='ltr'><strong>hies-</strong></span> <span class='ocrx_word' id='word_1_187' title='bbox 1364 2265 1370 2280; x_wconf 61' lang='lat'><strong><em>⁴</em></strong></span> 
     </span>
    </p>
   </div>
   <div class='ocr_carea' id='block_1_8' title="bbox 138 2367 1242 4089">
    <p class='ocr_par' dir='ltr' id='par_1_8' title="bbox 138 2367 1242 4089">
     <span class='ocr_line' id='line_1_22' title="bbox 140 2367 1237 2463; baseline 0 -31"><span class='ocrx_word' id='word_1_188' title='bbox 140 2389 215 2432; x_wconf 86' lang='lat' dir='ltr'><strong>sana</strong></span> <span class='ocrx_word' id='word_1_189' title='bbox 226 2369 393 2432; x_wconf 80' lang='lat' dir='ltr'><strong>transumta</strong></span> <span class='ocrx_word' id='word_1_190' title='bbox 406 2371 554 2463; x_wconf 72' lang='lat' dir='ltr'><strong>legentur,</strong></span> <span class='ocrx_word' id='word_1_191' title='bbox 568 2378 659 2451; x_wconf 90' lang='lat' dir='ltr'><strong>prout</strong></span> <span class='ocrx_word' id='word_1_192' title='bbox 677 2369 708 2428; x_wconf 90' lang='lat' dir='ltr'><strong>in</strong></span> <span class='ocrx_word' id='word_1_193' title='bbox 721 2367 840 2430; x_wconf 89' lang='lat' dir='ltr'><strong>dnobus</strong></span> <span class='ocrx_word' id='word_1_194' title='bbox 852 2367 936 2428; x_wconf 82' lang='lat' dir='ltr'><strong>tibris</strong></span> <span class='ocrx_word' id='word_1_195' title='bbox 947 2387 1049 2428; x_wconf 86' lang='lat' dir='ltr'><strong>eorum</strong></span> <span class='ocrx_word' id='word_1_196' title='bbox 1063 2369 1237 2453; x_wconf 85' lang='lat' dir='ltr'><strong>inscriptum</strong></span> 
     </span>
     <span class='ocr_line' id='line_1_23' title="bbox 140 2464 1238 2548; baseline -0.002 -20"><span class='ocrx_word' id='word_1_197' title='bbox 140 2469 226 2548; x_wconf 85' lang='lat' dir='ltr'><strong>qnasi</strong></span> <span class='ocrx_word' id='word_1_198' title='bbox 238 2478 301 2533; x_wconf 83' lang='lat' dir='ltr'><strong>un&#39;a</strong></span> <span class='ocrx_word' id='word_1_199' title='bbox 313 2468 397 2529; x_wconf 78' lang='lat' dir='ltr'><strong>vocis</strong></span> <span class='ocrx_word' id='word_1_200' title='bbox 417 2466 616 2529; x_wconf 76' lang='lat' dir='ltr'><strong>consonantia</strong></span> <span class='ocrx_word' id='word_1_201' title='bbox 638 2467 792 2527; x_wconf 85' lang='lat' dir='ltr'><strong>inventum</strong></span> <span class='ocrx_word' id='word_1_202' title='bbox 816 2476 862 2526; x_wconf 86' lang='lat' dir='ltr'><strong>est</strong></span> <span class='ocrx_word' id='word_1_203' title='bbox 877 2464 1015 2527; x_wconf 79' lang='lat' dir='ltr'><strong>Athenis.</strong></span> <span class='ocrx_word' id='word_1_204' title='bbox 1057 2465 1238 2546; x_wconf 82' lang='lat' dir='ltr'><strong>Quemquam</strong></span> 
     </span>
     <span class='ocr_line' id='line_1_24' title="bbox 141 2558 1238 2645; baseline 0 -20"><span class='ocrx_word' id='word_1_205' title='bbox 141 2573 242 2633; x_wconf 85' lang='lat' dir='ltr'><strong>autem</strong></span> <span class='ocrx_word' id='word_1_206' title='bbox 261 2564 319 2625; x_wconf 87' lang='lat' dir='ltr'><strong>hos</strong></span> <span class='ocrx_word' id='word_1_207' title='bbox 337 2564 455 2625; x_wconf 81' lang='lat' dir='ltr'><strong>libellos</strong></span> <span class='ocrx_word' id='word_1_208' title='bbox 467 2562 590 2645; x_wconf 90' lang='lat' dir='ltr'><strong>qnidam</strong></span> <span class='ocrx_word' id='word_1_209' title='bbox 604 2563 771 2634; x_wconf 86' lang='lat' dir='ltr'><strong>Romanus,</strong></span> <span class='ocrx_word' id='word_1_210' title='bbox 787 2558 944 2624; x_wconf 82' lang='lat' dir='ltr'><strong>Cornelius</strong></span> <span class='ocrx_word' id='word_1_211' title='bbox 959 2560 1238 2635; x_wconf 66' lang='lat' dir='ltr'><strong>soutouerimni</strong></span> 
     </span>
     <span class='ocr_line' id='line_1_25' title="bbox 141 2652 1239 2741; baseline -0.001 -20"><span class='ocrx_word' id='word_1_212' title='bbox 141 2658 242 2740; x_wconf 87' lang='lat' dir='ltr'><strong>magni</strong></span> <span class='ocrx_word' id='word_1_213' title='bbox 256 2678 361 2741; x_wconf 85' lang='lat' dir='ltr'><strong>nepos,</strong></span> <span class='ocrx_word' id='word_1_214' title='bbox 375 2660 405 2719; x_wconf 93' lang='lat' dir='ltr'><strong>in</strong></span> <span class='ocrx_word' id='word_1_215' title='bbox 419 2659 556 2721; x_wconf 85' lang='lat' dir='ltr'><strong>Latinum</strong></span> <span class='ocrx_word' id='word_1_216' title='bbox 571 2658 730 2720; x_wconf 76' lang='lat' dir='ltr'><strong>transferre</strong></span> <span class='ocrx_word' id='word_1_217' title='bbox 743 2657 898 2729; x_wconf 84' lang='lat' dir='ltr'><strong>curaverit,</strong></span> <span class='ocrx_word' id='word_1_218' title='bbox 920 2666 1020 2717; x_wconf 88' lang='lat' dir='ltr'><strong>tomen</strong></span> <span class='ocrx_word' id='word_1_219' title='bbox 1036 2656 1107 2717; x_wconf 88' lang='lat' dir='ltr'><strong>dum</strong></span> <span class='ocrx_word' id='word_1_220' title='bbox 1121 2652 1239 2720; x_wconf 59' lang='lat' dir='ltr'><strong>laborsi</strong></span> 
     </span>
     <span class='ocr_line' id='line_1_26' title="bbox 141 2746 1239 2835; baseline -0.001 -18"><span class='ocrx_word' id='word_1_221' title='bbox 141 2765 186 2817; x_wconf 87' lang='lat' dir='ltr'><strong>ret</strong></span> <span class='ocrx_word' id='word_1_222' title='bbox 198 2756 322 2817; x_wconf 84' lang='lat' dir='ltr'><strong>nimium</strong></span> <span class='ocrx_word' id='word_1_223' title='bbox 342 2756 440 2819; x_wconf 75' lang='lat' dir='ltr'><strong>bruris</strong></span> <span class='ocrx_word' id='word_1_224' title='bbox 459 2774 535 2829; x_wconf 83' lang='lat' dir='ltr'><strong>esse.</strong></span> <span class='ocrx_word' id='word_1_225' title='bbox 557 2752 748 2835; x_wconf 82' lang='lat' dir='ltr'><strong>particularia</strong></span> <span class='ocrx_word' id='word_1_226' title='bbox 769 2751 902 2816; x_wconf 77' lang='lat' dir='ltr'><strong>historio</strong></span> <span class='ocrx_word' id='word_1_227' title='bbox 918 2752 1031 2833; x_wconf 85' lang='lat' dir='ltr'><strong>ipsius,</strong></span> <span class='ocrx_word' id='word_1_228' title='bbox 1052 2772 1122 2835; x_wconf 76' lang='lat' dir='ltr'><strong>quar</strong></span> <span class='ocrx_word' id='word_1_229' title='bbox 1142 2746 1239 2835; x_wconf 84' lang='lat' dir='ltr'><strong>magis</strong></span> 
     </span>
     <span class='ocr_line' id='line_1_27' title="bbox 140 2848 1238 2933; baseline -0.002 -16"><span class='ocrx_word' id='word_1_230' title='bbox 140 2861 269 2933; x_wconf 81' lang='lat' dir='ltr'><strong>possunt</strong></span> <span class='ocrx_word' id='word_1_231' title='bbox 282 2850 400 2915; x_wconf 86' lang='lat' dir='ltr'><strong>allicere</strong></span> <span class='ocrx_word' id='word_1_232' title='bbox 413 2851 529 2915; x_wconf 83' lang='lat' dir='ltr'><strong>animos</strong></span> <span class='ocrx_word' id='word_1_233' title='bbox 544 2849 724 2921; x_wconf 84' lang='lat' dir='ltr'><strong>auditorum,</strong></span> <span class='ocrx_word' id='word_1_234' title='bbox 751 2867 815 2928; x_wconf 77' lang='lat' dir='ltr'><strong>pro</strong></span> <span class='ocrx_word' id='word_1_235' title='bbox 829 2848 921 2912; x_wconf 82' lang='lat' dir='ltr'><strong>nimia</strong></span> <span class='ocrx_word' id='word_1_236' title='bbox 931 2849 1077 2914; x_wconf 82' lang='lat' dir='ltr'><strong>brevitate</strong></span> <span class='ocrx_word' id='word_1_237' title='bbox 1096 2850 1238 2915; x_wconf 84' lang='lat' dir='ltr'><strong>indecen-</strong></span> 
     </span>
     <span class='ocr_line' id='line_1_28' title="bbox 142 2942 1239 3028; baseline 0.001 -17"><span class='ocrx_word' id='word_1_238' title='bbox 142 2958 187 3011; x_wconf 88' lang='lat' dir='ltr'><strong>ter</strong></span> <span class='ocrx_word' id='word_1_239' title='bbox 200 2947 310 3011; x_wconf 89' lang='lat' dir='ltr'><strong>omisit.</strong></span> <span class='ocrx_word' id='word_1_240' title='bbox 351 2948 387 3012; x_wconf 87' lang='lat' dir='ltr'><strong>Iu</strong></span> <span class='ocrx_word' id='word_1_241' title='bbox 400 2948 457 3011; x_wconf 87' lang='lat' dir='ltr'><strong>hac</strong></span> <span class='ocrx_word' id='word_1_242' title='bbox 471 2947 561 3028; x_wconf 76' lang='lat' dir='ltr'><strong>igitur</strong></span> <span class='ocrx_word' id='word_1_243' title='bbox 581 2946 655 3014; x_wconf 87' lang='lat' dir='ltr'><strong>serie</strong></span> <span class='ocrx_word' id='word_1_244' title='bbox 673 2942 768 3011; x_wconf 80' lang='lat' dir='ltr'><strong>tinsttt</strong></span> <span class='ocrx_word' id='word_1_245' title='bbox 779 2954 877 3021; x_wconf 79' lang='lat' dir='ltr'><strong>totum</strong></span> <span class='ocrx_word' id='word_1_246' title='bbox 889 2946 1037 3012; x_wconf 81' lang='lat' dir='ltr'><strong>invenitur</strong></span> <span class='ocrx_word' id='word_1_247' title='bbox 1051 2946 1239 3027; x_wconf 82' lang='lat' dir='ltr'><strong>inscriptum.</strong></span> 
     </span>
     <span class='ocr_line' id='line_1_29' title="bbox 142 3041 1241 3126; baseline -0.001 -21"><span class='ocrx_word' id='word_1_248' title='bbox 142 3044 224 3126; x_wconf 87' lang='lat' dir='ltr'><strong>quod</strong></span> <span class='ocrx_word' id='word_1_249' title='bbox 239 3044 277 3107; x_wconf 85' lang='lat' dir='ltr'><strong>de</strong></span> <span class='ocrx_word' id='word_1_250' title='bbox 295 3051 360 3103; x_wconf 85' lang='lat' dir='ltr'><strong>tota</strong></span> <span class='ocrx_word' id='word_1_251' title='bbox 372 3043 497 3105; x_wconf 83' lang='lat' dir='ltr'><strong>historia</strong></span> <span class='ocrx_word' id='word_1_252' title='bbox 518 3041 723 3109; x_wconf 81' lang='lat' dir='ltr'><strong>universalitas</strong></span> <span class='ocrx_word' id='word_1_253' title='bbox 743 3049 775 3100; x_wconf 88' lang='lat' dir='ltr'><strong>et</strong></span> <span class='ocrx_word' id='word_1_254' title='bbox 796 3042 1015 3121; x_wconf 86' lang='lat' dir='ltr'><strong>particulariter</strong></span> <span class='ocrx_word' id='word_1_255' title='bbox 1027 3052 1147 3123; x_wconf 78' lang='lat' dir='ltr'><strong>gestum</strong></span> <span class='ocrx_word' id='word_1_256' title='bbox 1163 3043 1241 3107; x_wconf 73' lang='lat' dir='ltr'><strong>tnta:</strong></span> 
     </span>
     <span class='ocr_line' id='line_1_30' title="bbox 142 3135 1241 3219; baseline 0.001 -19"><span class='ocrx_word' id='word_1_257' title='bbox 142 3140 228 3201; x_wconf 86' lang='lat' dir='ltr'><strong>Idem</strong></span> <span class='ocrx_word' id='word_1_258' title='bbox 250 3138 375 3218; x_wconf 87' lang='lat' dir='ltr'><strong>scriptor</strong></span> <span class='ocrx_word' id='word_1_259' title='bbox 398 3136 438 3198; x_wconf 90' lang='lat' dir='ltr'><strong>ad</strong></span> <span class='ocrx_word' id='word_1_260' title='bbox 460 3135 573 3198; x_wconf 80' lang='lat' dir='ltr'><strong>calcant</strong></span> <span class='ocrx_word' id='word_1_261' title='bbox 598 3137 714 3217; x_wconf 84' lang='lat' dir='ltr'><strong>operis:</strong></span> <span class='ocrx_word' id='word_1_262' title='bbox 737 3139 804 3198; x_wconf 83' lang='lat' dir='ltr'><strong>‘Et</strong></span> <span class='ocrx_word' id='word_1_263' title='bbox 824 3156 882 3219; x_wconf 82' lang='lat' dir='ltr'><strong>ego</strong></span> <span class='ocrx_word' id='word_1_264' title='bbox 904 3136 1006 3201; x_wconf 84' lang='lat' dir='ltr'><strong>Guide</strong></span> <span class='ocrx_word' id='word_1_265' title='bbox 1031 3138 1068 3201; x_wconf 90' lang='lat' dir='ltr'><strong>de</strong></span> <span class='ocrx_word' id='word_1_266' title='bbox 1090 3139 1241 3209; x_wconf 57' lang='lat' dir='ltr'><strong>&amp;inmun</strong></span> 
     </span>
     <span class='ocr_line' id='line_1_31' title="bbox 138 3231 1239 3318; baseline -0.001 -21"><span class='ocrx_word' id='word_1_267' title='bbox 138 3234 233 3317; x_wconf 85' lang='lat' dir='ltr'><strong>judex</strong></span> <span class='ocrx_word' id='word_1_268' title='bbox 247 3232 286 3295; x_wconf 90' lang='lat' dir='ltr'><strong>de</strong></span> <span class='ocrx_word' id='word_1_269' title='bbox 301 3233 446 3297; x_wconf 77' lang='lat' dir='ltr'><strong>Messena</strong></span> <span class='ocrx_word' id='word_1_270' title='bbox 457 3231 633 3313; x_wconf 73' lang='lat' dir='ltr'><strong>pradictum</strong></span> <span class='ocrx_word' id='word_1_271' title='bbox 643 3232 745 3297; x_wconf 85' lang='lat' dir='ltr'><strong>Ditem</strong></span> <span class='ocrx_word' id='word_1_272' title='bbox 754 3234 893 3318; x_wconf 71' lang='lat' dir='ltr'><strong>(Dictyn)</strong></span> <span class='ocrx_word' id='word_1_273' title='bbox 903 3234 1045 3300; x_wconf 74' lang='lat' dir='ltr'><strong>Granum</strong></span> <span class='ocrx_word' id='word_1_274' title='bbox 1056 3236 1089 3295; x_wconf 92' lang='lat' dir='ltr'><strong>in</strong></span> <span class='ocrx_word' id='word_1_275' title='bbox 1102 3236 1239 3300; x_wconf 87' lang='lat' dir='ltr'><strong>omnibus</strong></span> 
     </span>
     <span class='ocr_line' id='line_1_32' title="bbox 143 3327 1242 3411; baseline 0.001 -18"><span class='ocrx_word' id='word_1_276' title='bbox 143 3350 209 3393; x_wconf 86' lang='lat' dir='ltr'><strong>sum</strong></span> <span class='ocrx_word' id='word_1_277' title='bbox 224 3338 356 3404; x_wconf 84' lang='lat' dir='ltr'><strong>secutus,</strong></span> <span class='ocrx_word' id='word_1_278' title='bbox 370 3348 424 3411; x_wconf 90' lang='lat' dir='ltr'><strong>pro</strong></span> <span class='ocrx_word' id='word_1_279' title='bbox 437 3347 474 3389; x_wconf 88' lang='lat' dir='ltr'><strong>eo</strong></span> <span class='ocrx_word' id='word_1_280' title='bbox 487 3327 568 3408; x_wconf 88' lang='lat' dir='ltr'><strong>quod</strong></span> <span class='ocrx_word' id='word_1_281' title='bbox 582 3329 646 3408; x_wconf 82' lang='lat' dir='ltr'><strong>ipse</strong></span> <span class='ocrx_word' id='word_1_282' title='bbox 660 3329 746 3391; x_wconf 85' lang='lat' dir='ltr'><strong>Dites</strong></span> <span class='ocrx_word' id='word_1_283' title='bbox 765 3332 900 3409; x_wconf 76' lang='lat' dir='ltr'><strong>(Dictys)</strong></span> <span class='ocrx_word' id='word_1_284' title='bbox 921 3332 1086 3407; x_wconf 76' lang='lat' dir='ltr'><strong>perfectum</strong></span> <span class='ocrx_word' id='word_1_285' title='bbox 1107 3342 1139 3391; x_wconf 79' lang='lat' dir='ltr'><strong>st</strong></span> <span class='ocrx_word' id='word_1_286' title='bbox 1160 3351 1242 3393; x_wconf 87' lang='lat' dir='ltr'><strong>com·</strong></span> 
     </span>
     <span class='ocr_line' id='line_1_33' title="bbox 142 3422 1242 3511; baseline 0.001 -22"><span class='ocrx_word' id='word_1_287' title='bbox 142 3428 257 3511; x_wconf 89' lang='lat' dir='ltr'><strong>pletum</strong></span> <span class='ocrx_word' id='word_1_288' title='bbox 266 3428 339 3491; x_wconf 82' lang='lat' dir='ltr'><strong>tecit</strong></span> <span class='ocrx_word' id='word_1_289' title='bbox 346 3427 377 3490; x_wconf 92' lang='lat' dir='ltr'><strong>in</strong></span> <span class='ocrx_word' id='word_1_290' title='bbox 387 3426 523 3491; x_wconf 84' lang='lat' dir='ltr'><strong>omnibus</strong></span> <span class='ocrx_word' id='word_1_291' title='bbox 533 3444 609 3505; x_wconf 85' lang='lat' dir='ltr'><strong>epus</strong></span> <span class='ocrx_word' id='word_1_292' title='bbox 620 3442 716 3498; x_wconf 87' lang='lat' dir='ltr'><strong>suum,</strong></span> <span class='ocrx_word' id='word_1_293' title='bbox 730 3423 770 3485; x_wconf 84' lang='lat' dir='ltr'><strong>ad</strong></span> <span class='ocrx_word' id='word_1_294' title='bbox 780 3423 931 3485; x_wconf 83' lang='lat' dir='ltr'><strong>literarum</strong></span> <span class='ocrx_word' id='word_1_295' title='bbox 942 3422 1083 3485; x_wconf 81' lang='lat' dir='ltr'><strong>videlieet</strong></span> <span class='ocrx_word' id='word_1_296' title='bbox 1092 3426 1242 3505; x_wconf 86' lang='lat' dir='ltr'><strong>solatium,</strong></span> 
     </span>
     <span class='ocr_line' id='line_1_34' title="bbox 142 3520 1242 3603; baseline 0 -18"><span class='ocrx_word' id='word_1_297' title='bbox 142 3532 179 3585; x_wconf 93' lang='lat' dir='ltr'><strong>ut</strong></span> <span class='ocrx_word' id='word_1_298' title='bbox 190 3542 291 3586; x_wconf 82' lang='lat' dir='ltr'><strong>reram</strong></span> <span class='ocrx_word' id='word_1_299' title='bbox 304 3522 440 3585; x_wconf 90' lang='lat' dir='ltr'><strong>notitiam</strong></span> <span class='ocrx_word' id='word_1_300' title='bbox 452 3522 584 3587; x_wconf 86' lang='lat' dir='ltr'><strong>habeant</strong></span> <span class='ocrx_word' id='word_1_301' title='bbox 598 3520 752 3602; x_wconf 87' lang='lat' dir='ltr'><strong>praesentis</strong></span> <span class='ocrx_word' id='word_1_302' title='bbox 771 3520 916 3595; x_wconf 71' lang='lat' dir='ltr'><strong>historio,</strong></span> <span class='ocrx_word' id='word_1_303' title='bbox 940 3528 971 3580; x_wconf 86' lang='lat' dir='ltr'><strong>et</strong></span> <span class='ocrx_word' id='word_1_304' title='bbox 983 3531 1017 3581; x_wconf 91' lang='lat' dir='ltr'><strong>ut</strong></span> <span class='ocrx_word' id='word_1_305' title='bbox 1030 3522 1126 3603; x_wconf 71' lang='lat' dir='ltr'><strong>magis</strong></span> <span class='ocrx_word' id='word_1_306' title='bbox 1141 3522 1242 3589; x_wconf 86' lang='lat' dir='ltr'><strong>deiec-</strong></span> 
     </span>
     <span class='ocr_line' id='line_1_35' title="bbox 144 3617 1241 3701; baseline -0.003 -20"><span class='ocrx_word' id='word_1_307' title='bbox 144 3628 245 3682; x_wconf 86' lang='lat' dir='ltr'><strong>tentur</strong></span> <span class='ocrx_word' id='word_1_308' title='bbox 257 3620 289 3679; x_wconf 92' lang='lat' dir='ltr'><strong>in</strong></span> <span class='ocrx_word' id='word_1_309' title='bbox 301 3620 377 3701; x_wconf 88' lang='lat' dir='ltr'><strong>ipsa.</strong></span> <span class='ocrx_word' id='word_1_310' title='bbox 419 3618 459 3681; x_wconf 85' lang='lat' dir='ltr'><strong>Et</strong></span> <span class='ocrx_word' id='word_1_311' title='bbox 477 3638 534 3699; x_wconf 85' lang='lat' dir='ltr'><strong>ego</strong></span> <span class='ocrx_word' id='word_1_312' title='bbox 546 3617 701 3682; x_wconf 79' lang='lat' dir='ltr'><strong>historiam</strong></span> <span class='ocrx_word' id='word_1_313' title='bbox 714 3619 810 3701; x_wconf 76' lang='lat' dir='ltr'><strong>ipsam</strong></span> <span class='ocrx_word' id='word_1_314' title='bbox 825 3636 979 3680; x_wconf 90' lang='lat' dir='ltr'><strong>ornassem</strong></span> <span class='ocrx_word' id='word_1_315' title='bbox 992 3618 1153 3682; x_wconf 84' lang='lat' dir='ltr'><strong>dictamine</strong></span> <span class='ocrx_word' id='word_1_316' title='bbox 1173 3621 1241 3701; x_wconf 91' lang='lat' dir='ltr'><strong>pul·</strong></span> 
     </span>
     <span class='ocr_line' id='line_1_36' title="bbox 145 3709 1241 3799; baseline 0.001 -23"><span class='ocrx_word' id='word_1_317' title='bbox 145 3715 254 3777; x_wconf 86' lang='lat' dir='ltr'><strong>ohriori</strong></span> <span class='ocrx_word' id='word_1_318' title='bbox 267 3735 322 3797; x_wconf 91' lang='lat' dir='ltr'><strong>per</strong></span> <span class='ocrx_word' id='word_1_319' title='bbox 334 3716 492 3799; x_wconf 84' lang='lat' dir='ltr'><strong>ampliores</strong></span> <span class='ocrx_word' id='word_1_320' title='bbox 503 3716 692 3799; x_wconf 85' lang='lat' dir='ltr'><strong>metaphoras</strong></span> <span class='ocrx_word' id='word_1_321' title='bbox 707 3724 738 3777; x_wconf 89' lang='lat' dir='ltr'><strong>et</strong></span> <span class='ocrx_word' id='word_1_322' title='bbox 751 3714 876 3789; x_wconf 83' lang='lat' dir='ltr'><strong>colores,</strong></span> <span class='ocrx_word' id='word_1_323' title='bbox 886 3727 917 3777; x_wconf 89' lang='lat' dir='ltr'><strong>et</strong></span> <span class='ocrx_word' id='word_1_324' title='bbox 926 3736 979 3797; x_wconf 91' lang='lat' dir='ltr'><strong>per</strong></span> <span class='ocrx_word' id='word_1_325' title='bbox 988 3709 1241 3799; x_wconf 79' lang='lat' dir='ltr'><strong>transgressiones</strong></span> 
     </span>
     <span class='ocr_line' id='line_1_37' title="bbox 144 3810 1242 3895; baseline -0.002 -20"><span class='ocrx_word' id='word_1_326' title='bbox 144 3823 345 3887; x_wconf 85' lang='lat' dir='ltr'><strong>occurrentes,</strong></span> <span class='ocrx_word' id='word_1_327' title='bbox 364 3833 432 3892; x_wconf 80' lang='lat' dir='ltr'><strong>quae</strong></span> <span class='ocrx_word' id='word_1_328' title='bbox 446 3810 540 3893; x_wconf 87' lang='lat' dir='ltr'><strong>ipsius</strong></span> <span class='ocrx_word' id='word_1_329' title='bbox 555 3811 723 3875; x_wconf 88' lang='lat' dir='ltr'><strong>dictaminis</strong></span> <span class='ocrx_word' id='word_1_330' title='bbox 740 3821 811 3876; x_wconf 87' lang='lat' dir='ltr'><strong>sunt</strong></span> <span class='ocrx_word' id='word_1_331' title='bbox 823 3812 958 3895; x_wconf 76' lang='lat' dir='ltr'><strong>pictura.</strong></span> <span class='ocrx_word' id='word_1_332' title='bbox 999 3812 1061 3876; x_wconf 87' lang='lat' dir='ltr'><strong>Sed</strong></span> <span class='ocrx_word' id='word_1_333' title='bbox 1071 3812 1190 3885; x_wconf 72' lang='lat' dir='ltr'><strong>territus</strong></span> <span class='ocrx_word' id='word_1_334' title='bbox 1204 3832 1242 3876; x_wconf 84' lang='lat' dir='ltr'><strong>ex</strong></span> 
     </span>
     <span class='ocr_line' id='line_1_38' title="bbox 145 3907 1241 3991; baseline 0.001 -21"><span class='ocrx_word' id='word_1_335' title='bbox 145 3907 351 3991; x_wconf 79' lang='lat' dir='ltr'><strong>magnitudine</strong></span> <span class='ocrx_word' id='word_1_336' title='bbox 364 3909 482 3991; x_wconf 84' lang='lat' dir='ltr'><strong>operis,’</strong></span> <span class='ocrx_word' id='word_1_337' title='bbox 499 3914 555 3971; x_wconf 75' lang='lat' dir='ltr'><strong>dcc.</strong></span> <span class='ocrx_word' id='word_1_338' title='bbox 598 3909 668 3972; x_wconf 89' lang='lat' dir='ltr'><strong>Non</strong></span> <span class='ocrx_word' id='word_1_339' title='bbox 691 3908 848 3973; x_wconf 91' lang='lat' dir='ltr'><strong>intermisit</strong></span> <span class='ocrx_word' id='word_1_340' title='bbox 865 3918 963 3971; x_wconf 90' lang='lat' dir='ltr'><strong>tamen</strong></span> <span class='ocrx_word' id='word_1_341' title='bbox 987 3908 1088 3971; x_wconf 86' lang='lat' dir='ltr'><strong>Gnido</strong></span> <span class='ocrx_word' id='word_1_342' title='bbox 1109 3907 1191 3971; x_wconf 80' lang='lat' dir='ltr'><strong>varia</strong></span> <span class='ocrx_word' id='word_1_343' title='bbox 1204 3930 1241 3971; x_wconf 85' lang='lat' dir='ltr'><strong>ex</strong></span> 
     </span>
     <span class='ocr_line' id='line_1_39' title="bbox 146 4004 1241 4089; baseline 0.001 -22"><span class='ocrx_word' id='word_1_344' title='bbox 146 4025 203 4068; x_wconf 91' lang='lat' dir='ltr'><strong>suo</strong></span> <span class='ocrx_word' id='word_1_345' title='bbox 216 4004 380 4087; x_wconf 72' lang='lat' dir='ltr'><strong>secutique</strong></span> <span class='ocrx_word' id='word_1_346' title='bbox 394 4007 441 4069; x_wconf 90' lang='lat' dir='ltr'><strong>sui</strong></span> <span class='ocrx_word' id='word_1_347' title='bbox 462 4006 583 4088; x_wconf 76' lang='lat' dir='ltr'><strong>ingenio</strong></span> <span class='ocrx_word' id='word_1_348' title='bbox 598 4016 738 4082; x_wconf 85' lang='lat' dir='ltr'><strong>attexere,</strong></span> <span class='ocrx_word' id='word_1_349' title='bbox 760 4016 795 4069; x_wconf 89' lang='lat' dir='ltr'><strong>ut</strong></span> <span class='ocrx_word' id='word_1_350' title='bbox 815 4006 917 4068; x_wconf 85' lang='lat' dir='ltr'><strong>lectori</strong></span> <span class='ocrx_word' id='word_1_351' title='bbox 937 4015 1052 4071; x_wconf 88' lang='lat' dir='ltr'><strong>attento</strong></span> <span class='ocrx_word' id='word_1_352' title='bbox 1075 4006 1165 4069; x_wconf 80' lang='lat' dir='ltr'><strong>facile</strong></span> <span class='ocrx_word' id='word_1_353' title='bbox 1186 4022 1241 4089; x_wconf 91' lang='lat' dir='ltr'><strong>pa·</strong></span> 
     </span>
    </p>
   </div>
   <div class='ocr_carea' id='block_1_9' title="bbox 145 4100 1241 4269">
    <p class='ocr_par' dir='ltr' id='par_1_9' title="bbox 145 4100 1241 4269">
     <span class='ocr_line' id='line_1_40' title="bbox 145 4100 1241 4170; baseline 0.005 -7"><span class='ocrx_word' id='word_1_354' title='bbox 145 4100 229 4163; x_wconf 87' lang='lat' dir='ltr'><strong>tebit.</strong></span> <span class='ocrx_word' id='word_1_355' title='bbox 271 4102 934 4168; x_wconf 78' lang='lat' dir='ltr'><strong>ItalieelucemriditVenetiis1481.ioi.</strong></span> <span class='ocrx_word' id='word_1_356' title='bbox 975 4102 1162 4170; x_wconf 76' lang='lat' dir='ltr'><strong>Germanica</strong></span> <span class='ocrx_word' id='word_1_357' title='bbox 1175 4122 1241 4168; x_wconf 77' lang='lat' dir='ltr'><strong>ver·</strong></span> 
     </span>
     <span class='ocr_line' id='line_1_41' title="bbox 181 4196 1179 4269; baseline 0.003 -21"><span class='ocrx_word' id='word_1_358' title='bbox 181 4196 303 4263; x_wconf 70' lang='lat' dir='ltr'><strong>Deiphet</strong></span> <span class='ocrx_word' id='word_1_359' title='bbox 318 4199 376 4253; x_wconf 78' lang='lat' dir='ltr'><strong>Ver.</strong></span> <span class='ocrx_word' id='word_1_360' title='bbox 390 4200 454 4251; x_wconf 72' lang='lat' dir='ltr'><strong>Cios.</strong></span> <span class='ocrx_word' id='word_1_361' title='bbox 527 4198 530 4236; x_wconf 75' lang='grc' dir='ltr'>ἶ</span> <span class='ocrx_word' id='word_1_362' title='bbox 617 4198 686 4253; x_wconf 67' lang='lat' dir='ltr'><strong>aas.</strong></span> <span class='ocrx_word' id='word_1_363' title='bbox 699 4202 818 4269; x_wconf 55' lang='grc' dir='ltr'><strong>(ΜΨ.</strong></span> <span class='ocrx_word' id='word_1_364' title='bbox 1135 4202 1179 4252; x_wconf 73' lang='lat'><strong>¹8</strong></span> 
     </span>
    </p>
   </div>
   <div class='ocr_carea' id='block_1_10' title="bbox 0 0 1492 4875">
    <p class='ocr_par' dir='ltr' id='par_1_10' title="bbox 0 0 1492 4875">
     <span class='ocr_line' id='line_1_42' title="bbox 0 0 1492 4875; baseline 0 0"><span class='ocrx_word' id='word_1_365' title='bbox 0 0 1492 4875; x_wconf 95' lang='lat' dir='ltr'><strong> </strong></span> 
     </span>
    </p>
   </div>
  </div>
 </body>
</html>
