2959 4875
398 356 446 403 nu
471 354 786 429 antonnacum
813 357 883 403 nse.
907 356 964 405 ru.
1150 344 1214 409 189

121 495 292 562 interficit.
354 495 445 559 Dein
457 502 598 575 ceteros,
613 518 700 581 quos
714 500 759 564 ob
774 499 929 563 virtutem
945 519 1006 563 rex
1021 519 1132 565 secum
1155 502 1214 577 sti·

122 602 259 680 putores
272 595 444 672 habuerat,
460 598 677 679 conglobatos
699 601 784 663 inter
804 619 840 663 se
853 606 969 682 etque
991 619 1093 665 ausos
1115 604 1214 677 resis-

122 704 204 773 tcre,
228 698 348 780 purtim
380 697 449 763 telo
474 699 603 765 eminus
631 700 749 777 fundit,
773 701 859 776 alios
884 719 981 763 curru
1004 721 1063 783 per
1083 703 1213 767 medios

122 797 259 863 concito
289 798 381 862 humi
410 799 534 863 obterit.
578 798 682 863 Dein.
696 800 908 876 Idomeneus,
934 796 1102 865 adhibito
1115 803 1213 885 equis

124 898 287 977 Metione,
310 898 519 979 licturuantuv
545 900 848 981 Thracumregem
864 901 990 983 dejicit,
1016 902 1213 985 ruentique'

125 998 193 1063 telo
209 999 361 1075 occurrit,
376 1004 476 1081 etque
491 999 539 1063 ita
552 998 716 1065 interficit.
760 1000 829 1063 Sed
844 1002 902 1065 ubi
920 1002 1060 1077 Hector,
1077 1004 1163 1067 situs
1176 1004 1213 1067 iu

125 1106 218 1181 parte
239 1098 319 1174 alia,
344 1098 472 1174 medios
497 1118 630 1164 snorum
655 1099 906 1183 lundieccipit,
933 1102 1105 1184 dispositis
1128 1104 1212 1167 satis

126 1199 268 1263 strenuis
279 1200 338 1262 ubi
349 1200 531 1281 pugnabat,
541 1201 705 1263 accurritt
719 1201 848 1265 auxilio
859 1203 1096 1280 laborantibus,
1107 1202 1213 1268 Glau.

126 1318 202 1363 cum
217 1306 249 1363 et
264 1298 475 1383 Deiphobum
500 1308 534 1364 et
555 1301 801 1383 Polydamante
823 1322 936 1368 seeum
958 1302 1093 1369 habens.
1137 1302 1212 1367 Nec

127 1399 276 1484 dublum,
291 1400 371 1483 quin
384 1400 496 1464 deletu
510 1420 532 1463 a
546 1400 725 1482 praedictis.
740 1405 872 1484 regibus
896 1422 938 1467 eu
966 1422 1045 1485 pers
1069 1405 1213 1469 hostium

126 1497 237 1575 ioret‚¹
258 1500 293 1562 ni
315 1501 460 1564 advento
482 1520 545 1564 suo
561 1500 691 1565 Hector
705 1509 902 1584 nostrosque
918 1502 1062 1566 ulterius
1077 1522 1213 1585 progre-

127 1597 186 1675 di‚⁵
201 1618 241 1663 ac
256 1619 335 1665 suos
350 1600 460 1681 lugere
478 1600 690 1665 cohibuisset.
734 1600 791 1663 Ita
804 1600 929 1677 Groeci,
942 1602 1101 1681 prohibiti
1116 1603 1212 1667 caede

126 1699 332 1781 reliquomm,
347 1719 501 1794 represso
524 1700 627 1780 gradu
651 1700 825 1764 adversum
847 1702 988 1782 eosqui
1012 1720 1210 1784 supervene-

127 1797 220 1863 reut⁶
243 1800 432 1865 constitere.
478 1799 539 1883 [5.]
560 1799 706 1867 Aemox
721 1803 855 1882 cognito
869 1820 929 1884 per
944 1802 1137 1866 universnm
1154 1820 1213 1866 ex-

128 1900 460 1982 ercitum,proelinm'
475 1901 512 1965 in
525 1919 565 1963 en
579 1908 686 1982 purte,
702 1904 819 1984 reliqui
829 1903 934 1965 duces
949 1901 1145 1979 confirmati,
1154 1904 1213 1966 ubi

127 2000 269 2082 quisque
284 2006 502 2082 pugnaverat,
511 2001 656 2082 undique
667 2019 707 2064 eo
719 2000 894 2065 contlnont.
918 2002 1088 2085 Densatur
1099 2004 1212 2066 utrim-

128 2120 191 2181 que
211 2102 314 2178 acies,
337 2109 372 2165 et
393 2100 545 2184 proelium
566 2106 758 2169 renovatum
781 2108 844 2164 est.
889 2101 995 2183 Igitur
1010 2102 1142 2166 Hector
1156 2104 1214 2165 nbi

127 2201 289 2281 plurimos
304 2204 438 2265 suorum
453 2200 592 2287 adesse„
610 2208 644 2265 et
658 2200 744 2263 satis
760 2207 868 2265 tutum
883 2221 919 2263 se
933 2202 1101 2281 intelligit,
1127 2202 1214 2265 tollit

128 2302 267 2365 animos.
309 2302 398 2366 Dein
428 2301 570 2365 clamore
598 2320 720 2381 magno
750 2302 894 2382 singulos
923 2319 1056 2365 snorum
1082 2300 1213 2364 nomine

129 2400 312 2483 appellans,
343 2400 565 2466 confidentius
589 2400 624 2462 in
651 2399 781 2482 hostem
804 2418 951 2483 pugnate
977 2400 1142 2468 hortatur:
1170 2417 1211 2464 ec

130 2519 324 2584 progressus
351 2503 437 2566 intra
457 2503 573 2578 aciem,
598 2501 735 2572 Diorem
759 2509 793 2566 et
807 2501 1049 2583 Polyxenam,y
1072 2499 1212 2566 Eliosl'

575 2693 756 2715 ”menneo

124 2826 259 2884 smum-r
267 2828 359 2891 Delpb.
369 2835 395 2876 et
402 2828 479 2889 vulgo
486 2829 644 2878 oceane-s
653 2831 919 2894 beloiueosgrcdt-tl
928 2829 1003 2887 Vulg.
1012 2828 1214 2890 nupserunt-

130 2891 242 2956 'Delplu
249 2893 389 2954 pretim-l
401 2891 497 2954 Delpb.
505 2893 581 2954 Alios,
589 2893 626 2943 its
633 2895 748 2944 Danielis
759 2895 824 2943 Cod.
833 2894 957 2944 Mueller
963 2901 987 2942 ct
994 2893 1063 2955 ulios,
1070 2893 1137 2956 vulg.
1143 2891 1213 2940 otios·

615 3045 723 3095 NOTAE

130 3171 182 3218 clos
201 3169 246 3218 liei
262 3169 323 3225 fidus
340 3169 488 3231 Πυραίχμην,
509 3171 535 3220 ts
550 3173 651 3222 umen
722 3173 879 3223 sosarmo
894 3171 1050 3237 Polyxenus]
1078 3171 1182 3220 Diorenr
1199 3185 1215 3218 e

131 3247 299 3312 ramma,
313 3245 430 3307 Ἧγηεν.
454 3247 506 3296 ‘Et
525 3251 653 3312 percussit
690 3248 760 3310 l’yro
789 3248 930 3296 lrulsrsside
957 3245 1122 3294 interfectum
1150 3245 1216 3294 dicit

130 3321 305 3384 Pyroeehmen,
327 3323 369 3385 qui
392 3321 502 3370 Pnouss
522 3329 654 3385 equestres
690 3322 812 3372 Homll.
823 3330 853 3371 Δ.
884 3321 935 3370 Sed
953 3319 1015 3367 nibil
1033 3318 1076 3366 ille
1087 3317 1214 3368 demone

130 3399 265 3448 bellatores
276 3397 413 3448 Docebst.'
594 3394 596 3399 ’
691 3395 827 3457 Polyxeni.
860 3395 941 3442 Dares
960 3400 1047 3442 sutens
1068 3399 1215 3456 utrumque,

160 3482 171 3506 v
186 3474 329 3537 Aemo]
344 3474 395 3524 Sed
415 3487 473 3523 euos
491 3472 617 3532 Homerus
637 3487 653 3521 a
690 3479 717 3518 et
728 3470 834 3518 Diorcm
843 3475 870 3518 et
878 3468 1047 3530 Polymnum,
1057 3466 1089 3516 eb
1101 3465 1215 3516 Hectore

131 3549 247 3600 Metione
257 3551 366 3600 occisum
376 3550 449 3611 dicit,
465 3549 497 3598 ΙΙ.
506 3555 537 3598 n.
565 3546 654 3610 lanped-
691 3541 841 3592 interfectos
859 3549 964 3602 nsrrst;
982 3553 1011 3589 ur
1027 3539 1130 3605 quidem
1146 3542 1214 3605 spnd

132 3643 171 3685 ης
191 3626 211 3674 d'
232 3623 362 3686 Ἀκάμαντα
378 3625 453 3686 κιχιὶς
468 3624 525 3674 ποσὶ
542 3621 654 3688 rupecul-
690 3619 762 3668 illum
780 3617 918 3669 ‘Dionem'
935 3632 983 3682 pro
1005 3617 1149 3667 ‘Dorium’
1174 3633 1214 3668 re·

130 3716 202 3762 μοισι,
224 3701 276 3761 ulf
295 3700 372 3758 iners
393 3699 561 3760 ἐπιβησόμενον
587 3698 648 3748 rard
687 3694 770 3744 stitni.

131 3775 202 3838 διειδν
220 3773 288 3835 duee.
312 3777 319 3803 ⁸
333 3775 464 3824 Meriones
480 3782 566 3824 nutem
585 3773 653 3822 Ace·
722 3779 732 3804 ¹
746 3770 811 3819 Elius
821 3767 915 3831 [Alios]
929 3764 1034 3817 ‘Alius'
1046 3780 1093 3829 pro
1104 3764 1216 3814 ‘Eliusz'

131 3860 217 3902 ments
237 3857 366 3902 essecutus
387 3849 494 3912 pedibus
513 3848 653 3903 velocibus.
691 3845 799 3896 Dorice.
822 3845 975 3906 Utsepeiu
988 3841 1106 3904 csptivis
1119 3840 1217 3900 Plsuti,

132 3927 265 3978 Percussit
281 3941 361 3990 equos
379 3937 541 3975 escensurum
554 3923 580 3971 in
591 3923 654 3972 des·
691 3921 758 3987 quod
777 3920 839 3968 item
857 3926 932 3966 sutcs
947 3922 1095 3978 corruptum
1110 3915 1216 3974 restitu-

132 4009 170 4050 tro
180 4001 303 4052 humero!
693 4009 796 4059 tutosque
808 4008 823 4041 s
833 3992 892 4041 viris
904 3991 996 4040 doctis.
1018 3990 1050 4039 ln
1059 3988 1131 4038 libris
1139 3987 1215 4038 Gre-

162 4087 176 4111 ·
195 4075 340 4140 fluentique]
359 4071 502 4125 Acamanti.
693 4077 730 4123 cis
747 4057 818 4134 serpe
841 4066 956 4116 insenius
972 4063 1076 4121 suebos,
1094 4072 1214 4126 corrupte

162 4159 175 4185 ¹
193 4151 277 4214 Feret]
294 4153 432 4214 Eleganter
443 4163 489 4214 pro
500 4144 622 4198 ‘inisset'
653 4213 656 4220 Ι
694 4160 740 4209 pro
750 4143 865 4206 Ἠλείους,
876 4140 944 4208 quod
954 4147 1080 4192 notarunt
1091 4147 1116 4188 et
1128 4152 1214 4188 emen·
