2959 4875
197 354 271 420 262
558 368 721 417 oronvos
744 370 949 421 onnrnnsrs

205 512 285 597 [12]
307 511 395 575 Dein
411 509 536 587 Graeci,
553 512 647 576 veriti
660 530 702 575 ne
715 530 777 595 per
796 532 925 578 moram
947 512 1139 578 interventu
1154 510 1297 594 hyemis,

206 631 284 695 ques
308 612 495 692 ingruebat,
510 610 554 677 ab
576 612 764 693 navigando
786 612 1052 691 excluderentur,
1077 612 1242 677 deductas
1261 612 1296 675 in

206 730 298 779 mare
324 730 427 776 naves
455 710 633 793 remigibus
660 712 863 797 reliquisque
890 715 1035 779 nauticis
1068 714 1295 777 instrumentis

205 813 398 898 complent:
421 821 524 895 atquo
539 812 589 877 ita
602 832 678 877 curn
693 813 747 879 bis
762 833 839 896 qnae
853 814 972 897 singuli
987 814 1103 898 praeda
1116 814 1295 879 multorum

206 934 368 981 annorum
382 914 638 999 quaesiverant'
658 913 852 979 discedunt.
900 916 1028 979 AEneas
1043 915 1134 999 apud
1156 914 1294 996 'l'rojrm

203 1017 399 1100 manet,qai
420 1023 500 1099 post
521 1014 719 1081 Graecorum
740 1016 976 1100 prosectionem
991 1028 1131 1082 cunctos
1145 1036 1190 1080 ex
1206 1016 1294 1080 Dar·

205 1117 319 1197 dauo,¹
342 1127 442 1201 atque
456 1135 502 1182 ex
515 1119 674 1200 proxima
686 1118 887 1201 peninsulat
910 1118 994 1199 adit,
1016 1125 1090 1183 orat
1114 1118 1163 1201 uti
1179 1136 1294 1181 secum

203 1218 408 1284 Antenorem
422 1237 523 1301 regno
537 1219 717 1300 exigerent
762 1216 850 1297 Qum
865 1226 1054 1303 postquam,
1069 1236 1237 1303 praeverso
1251 1217 1294 1281 de

204 1340 243 1385 se
264 1319 394 1395 nuntio,
418 1316 579 1382 Antenori
602 1321 738 1401 cognita
758 1327 850 1397 sunt,
871 1310 1060 1403 regrediens
1082 1320 1125 1385 ad
1146 1320 1295 1403 Trojam,

202 1420 399 1505 imperfecto
427 1419 562 1500 negotio
591 1420 686 1485 aditu
714 1421 920 1504 prehibetur.
964 1420 1018 1485 Ita
1046 1426 1186 1485 coactns
1216 1438 1293 1483 cnm

202 1523 293 1587 omni
317 1520 518 1605 patrimonio
539 1522 583 1585 ab
612 1521 717 1604 Trojtr
742 1522 892 1604 naviget,
915 1521 1113 1605 devenitque
1136 1520 1181 1585 ad
1205 1540 1295 1585 mam

201 1622 440 1699 Adriaticum,¹
462 1621 586 1687 multas
596 1623 724 1687 interim
738 1632 851 1705 gentes
864 1624 1032 1688 barbaras
1046 1626 1295 1705 praetervectus:

201 1726 317 1810 ibique
345 1724 518 1791 constituit
538 1723 591 1787 bis
613 1724 669 1807 qni
694 1742 809 1789 secum
833 1724 1071 1806 navigaverant
1094 1722 1290 1801 civimtom,¹

202 1826 408 1908 appellatam
422 1823 601 1907 Corcyram
618 1824 826 1890 Holenam·
868 1822 1020 1889 Ceterum
1042 1824 1132 1908 apud
1152 1822 1291 1907 Troiam

200 1933 381 2009 postquam
403 1925 494 1989 sama
513 1932 564 1991 est
579 1925 779 1990 Antenorem
801 1945 902 2006 regno
924 1926 1077 2009 potitum,
1092 1925 1216 2002 cnnoti,
1232 1926 1291 2007 qui

199 2023 286 2089 bello
302 2024 425 2088 residui
436 2032 628 2090 nocturnam
643 2024 791 2090 civitatis
807 2024 939 2091 cladem
954 2035 1143 2103 evaserant,
1158 2025 1199 2089 ed
1215 2045 1291 2089 eum

200 2124 384 2203 confluunt,
400 2126 562 2211 brevique
575 2127 688 2210 ingens
703 2128 829 2195 conlita
844 2128 1041 2193 multitudo:
1064 2134 1177 2193 tantus
1199 2144 1292 2190 amor

115 2269 122 2312 ,¹
198 2245 278 2307 erga
291 2224 506 2303 Antenorem,
520 2236 621 2311 atque
635 2229 751 2311 opinio
768 2231 946 2312 sapientiae
960 2230 1164 2295 incesseret:
1188 2228 1290 2312 fitque

197 2327 354 2410 princeps
372 2327 530 2391 amicitiae
551 2328 623 2411 ejus
644 2348 707 2393 rex
719 2330 949 2397 Cebrenorum
964 2328 1155 2395 OEnideus.²’
1199 2328 1288 2393 Haee

199 2448 262 2512 ego
275 2428 426 2494 Gnosius
441 2429 574 2512 Dictys,
595 2450 706 2496 comes
722 2430 909 2512 Idomenei,
926 2433 1121 2518 conscripsi,
1141 2430 1290 2495 oratione

198 2547 242 2592 ea
256 2548 358 2613 qnam
373 2531 519 2595 maxime
533 2533 620 2597 inter
633 2540 699 2598 tam
712 2533 848 2600 diversa
860 2534 1019 2619 loquendi
1040 2551 1157 2616 genera
1172 2549 1288 2596 conse·

228 2874 240 2916 l
261 2869 359 2934 Dolplr.
370 2871 411 2920 abi
422 2887 475 2922 rara
484 2873 523 2922 liis
532 2889 555 2936 q.
566 2889 589 2924 a.
598 2889 623 2923 a.
634 2891 654 2927 s.
665 2879 753 2927 eradit.

694 3069 799 3119 NO'l'AE

194 3171 330 3238 Eurytania
342 3173 459 3225 meminit
471 3175 589 3226 Eustatlr.
607 3177 634 3226 in
647 3179 718 3230 tta
759 3195 829 3230 marc
857 3179 1018 3230 Adriaticum
1046 3177 1188 3228 devenisse.
1234 3177 1286 3228 Sed

224 3259 240 3283 ¹
257 3251 346 3300 Praeda
364 3253 489 3302 maltorma
507 3269 621 3304 raam
635 3257 719 3320 qaaeri·
759 3269 815 3305 curn
831 3258 880 3306 boe
898 3255 973 3305 nimis
989 3255 1078 3306 tritum
1095 3263 1123 3304 et
1135 3254 1240 3318 vulgare
1253 3255 1288 3304 vi·

191 3323 286 3389 seruat]
302 3326 398 3378 Praeda
410 3335 452 3378 ert
463 3330 530 3378 resti
542 3343 625 3380 casus.
649 3331 718 3380 Prae·
758 3332 871 3394 deretur,
881 3333 938 3397 ipse
953 3332 1043 3382 maleit
1056 3331 1212 3380 Antenorem
1224 3331 1285 3379 Tro·

191 3402 407 3464 romaricensi.
447 3403 479 3454 ld
506 3413 555 3467 ast,
576 3406 718 3471 predando
754 3405 1081 3469 jarettnere,etAEneam
1094 3405 1291 3467 lomareAdrb

191 3478 373 3540 quaesiverant.
758 3483 853 3534 aticum
863 3483 1002 3535 deducere.

222 3559 235 3585 ¹
254 3553 295 3600 Es
309 3552 437 3616 Meso]
460 3553 597 3605 Dardanos
611 3559 718 3607 etDar·
789 3565 800 3591 ¹
826 3559 975 3622 Appellatus
996 3559 1124 3622 Corcyram
1146 3557 1285 3622 Meloessa]

190 3627 283 3676 danum
303 3625 364 3677 orbs
384 3627 444 3691 t'clt,
459 3630 492 3678 ab
510 3630 604 3694 Abydo
619 3632 716 3684 distans
756 3635 867 3699 Corcyra
880 3637 1000 3696 Melana,
1013 3633 1039 3685 id
1057 3643 1107 3698 sat,
1119 3637 1233 3701 Corcyra
1248 3637 1284 3684 ni·

188 3705 229 3752 lb.
240 3699 339 3752 stadiis.
378 3702 428 3752 Sed
441 3703 491 3760 bio,
507 3707 608 3770 opinor,
619 3707 716 3759 Dorda-
755 3725 811 3775 gra,
823 3713 903 3760 insula
916 3712 994 3760 maris
1005 3711 1135 3762 Adriatici
1149 3722 1210 3762 ante
1221 3712 1284 3774 llly-

187 3793 245 3827 aare
254 3777 330 3838 dixit,
342 3791 390 3843 pro
401 3779 507 3840 regiona
517 3779 665 3849 Dardanias.
754 3786 845 3849 ricem,
856 3788 881 3837 in
893 3802 944 3854 qua
955 3787 1044 3838 orbem
1062 3802 1077 3835 a
1088 3785 1187 3836 Cnidiis
1198 3787 1284 3836 condi·

219 3863 230 3896 5
248 3855 290 3903 lie
298 3853 408 3918 produ
418 3853 552 3919 mute]
568 3857 665 3908 Nescio
675 3873 714 3909 sa·
754 3869 817 3925 tam,
828 3861 909 3913 refert
920 3863 1017 3914 Strabo
1031 3876 1082 3913 vrr.

188 3941 221 3977 os
232 3943 308 3993 quam
319 3929 361 3979 bic
371 3929 531 3993 peninsulam
543 3933 642 3995 rogitet
650 3935 714 3986 Dio·
786 3937 798 3972 A
815 3939 870 3988 lies
882 3940 1037 3990 creemur
1049 3935 1176 3999 OEnideaa]
1187 3935 1282 3986 Cebre-

189 4012 239 4068 tyr,
250 4007 296 4056 uisi
314 4007 396 4072 ipsam
415 4009 601 4061 Chersonesum
619 4012 713 4067 intelli·
755 4011 836 4064 nivet
852 4014 979 4065 Cebrenia
994 4015 1067 4078 regio
1085 4013 1109 4062 in
1127 4010 1230 4061 'l'roade
1248 4010 1281 4060 ad

186 4079 233 4142 git.
755 4089 950 4153 Scamandrum,
970 4090 1003 4138 de
1025 4103 1076 4152 qua
1097 4086 1154 4137 fore
1175 4085 1282 4149 Strabo,

218 4155 393 4222 *beatique
413 4161 445 4208 od
466 4176 531 4211 mars
552 4163 714 4228 Adriaticum]
754 4175 817 4214 xrrr.
839 4165 907 4215 alibi.
940 4163 1006 4214 llaee
1028 4169 1086 4214 erat
1107 4162 1156 4212 anb
1181 4163 1281 4213 ditione

187 4231 266 4282 Certe
289 4230 385 4283 Noster
411 4233 529 4288 audierat
551 4236 711 4290 Antenorem
753 4239 867 4290 Priami:
885 4239 953 4291 uude
963 4241 1042 4304 igitur
1054 4237 1163 4304 repente
1175 4255 1221 4291 rea
1232 4241 1280 4292 iste
