2959 4875
491 346 539 393 nn
563 346 841 397 nummatum
864 346 1014 397 aranos.
1229 333 1295 399 311

202 518 290 579 gum,
314 502 510 585 sapientem,
536 504 646 566 animo
670 521 839 584 magnam,
864 501 1034 567 hiandum.
1086 502 1296 568 Podalirium

203 618 365 671 crassum,
381 603 559 678 valentem,
575 606 768 686 superbum,
783 605 921 668 tristem.
967 603 1188 668 Machaonem
1203 623 1296 686 mag-

203 718 296 778 num,
310 702 441 781 sermm,
456 710 592 781 certum,
607 707 811 788 prudentem,
827 707 1021 788 patientem,
1034 705 1296 770 misericordem.

204 800 390 867 Marionem
409 803 529 882 mium,
543 805 702 870 mediocri
718 814 859 883 statura,
880 824 1019 887 corpore
1039 806 1189 882 rutundo,
1208 808 1297 871 viro·

202 922 289 980 sum,
304 906 518 986 pertinacem,
533 904 712 980 crudelem,
723 907 962 989 impatientem.
1004 906 1216 971 Briseidamt
1232 906 1298 971 for·

203 1022 341 1077 mosam,
364 1004 433 1070 ulta
451 1013 589 1083 statura,
607 1007 797 1085 candidam,
821 1009 945 1090 capillo
961 1007 1050 1071 tlaru
1065 1014 1101 1071 et
1114 1006 1220 1084 molli,
1239 1028 1295 1073 su·

204 1106 353 1189 perciliis
363 1106 503 1189 junctis,
516 1109 626 1173 oculis
641 1112 803 1186 venustis,
819 1130 962 1192 corpore
977 1109 1113 1192 aequali,
1123 1108 1293 1187 blandam,

203 1204 382 1283 affabilem,
396 1210 625 1287 verecundam,
637 1211 750 1275 animo
760 1211 917 1293 simplici,
929 1211 1030 1293 piam.
1066 1208 1149 1292 [tu]
1164 1209 1297 1274 Deinde

203 1308 311 1369 ornati
328 1326 403 1370 cum
416 1306 546 1372 classe¹¹
562 1309 675 1374 Graeci
691 1310 840 1375 Athenas
854 1315 1083 1375 convenerunt
1118 1309 1297 1391 Agamem·

205 1424 268 1469 non
294 1424 336 1469 ex
364 1406 519 1490 Mycenis
543 1410 683 1473 naribus
707 1430 841 1475 crimem
864 1416 1009 1475 uentum.
1053 1408 1227 1474 Menelaus
1250 1430 1296 1473 ex

205 1507 335 1589 Sparte
347 1514 487 1576 navibus
508 1531 643 1576 numero
667 1515 851 1595 sexaginta.
887 1512 1092 1576 ·Arcesilaus
1107 1517 1139 1575 et
1155 1510 1296 1576 Prothe-

202 1608 281 1673 ιιοῐἱ
310 1630 355 1674 ex
378 1612 513 1677 Boeotia
539 1612 791 1695 quinquaginta.
836 1611 1051 1695 Ascalaphus
1072 1619 1106 1675 et
1126 1610 1296 1677 Ialmenus

203 1728 248 1773 ex
268 1712 478 1778 Orchomeno
499 1712 644 1777 navibus
665 1730 803 1776 numam
825 1714 970 1795 triginta.
1014 1712 1241 1795 Epistrophus
1262 1722 1297 1778 et

203 1810 365 1876 Schedius
380 1833 422 1878 ex
439 1813 586 1879 Phocide
606 1813 834 1897 qnadraginta.
879 1814 973 1897 Ajax
987 1811 1228 1879 'Polemoniae'¹
1252 1832 1297 1878 ex

204 1910 374 1979 Salamina
388 1914 531 1979 adduxit
544 1934 657 1979 secum
671 1915 838 1979 Teucrum
861 1915 1011 1981 fratrem:
1023 1914 1141 1991 Elide,
1155 1914 1297 1999 Amphi·

204 2013 370 2089 maehum,
387 2015 537 2092 Diorem,
552 2016 745 2098 Thalpium,
761 2016 981 2100 Polyxenam,
994 2016 1140 2080 naribus
1154 2017 1298 2099 quadra·
1343 2058 1349 2067 ·

201 2115 302 2195 ginta.
347 2114 473 2181 Nestor
487 2136 532 2182 ex
547 2118 634 2201 Pylo
649 2119 792 2182 navibus
809 2114 945 2181 cxxx-¹
977 2106 1092 2181 lhcas
1107 2136 1152 2181 ex
1166 2117 1296 2183 AEtclia

203 2215 346 2279 naribus
367 2232 432 2279 xc.
481 2218 574 2300 Ajax
597 2216 715 2282 Oileus
738 2237 783 2282 ex
805 2218 922 2282 lucris
946 2218 1089 2281 naribus
1113 2224 1296 2281 xxxvrt.¹‘¹

200 2313 382 2399 Antiphus,
419 2318 616 2403 Phidippus
646 2320 768 2385 xxx.l
827 2319 1030 2384 Idomeneus
1060 2326 1097 2383 et
1124 2317 1296 2384 Meriones

151 2485 154 2492 ,
202 2434 246 2480 ex
267 2414 364 2482 Creta
381 2420 523 2484 navibus
539 2435 666 2484 cxxx.
713 2419 853 2504 Ulysses
867 2441 911 2486 ex
933 2421 1055 2486 Ithaca
1075 2421 1217 2486 naribus
1235 2443 1296 2486 nu·

202 2539 295 2584 mero
313 2537 386 2586 xrr.
433 2521 593 2586 Eumelus
619 2541 663 2586 ex
688 2522 808 2586 Pheris
830 2524 971 2587 naribus
988 2532 1044 2588 κδ’
1088 2523 1295 2590 Protesilaus

202 2626 234 2684 et
252 2620 486 2687 Podarces'ex
505 2621 659 2704 Phylace
680 2623 824 2686 navibus
845 2638 911 2685 xc.
966 2622 1158 2688 Podalirius
1171 2630 1206 2689 et
1219 2624 1296 2689 Ma-

203 2721 310 2786 chaon
327 2721 515 2806 AEsculapii
536 2722 597 2787 lilii
618 2742 661 2787 ex
681 2723 782 2788 Trica
796 2725 936 2788 navibus
952 2731 1100 2789 xxxrr.⁰
1142 2722 1295 2790 Achilles

204 2841 278 2886 cum
315 2823 476 2888 Patroclo
506 2833 541 2889 et
571 2824 839 2907 Myrmidonibus
869 2845 912 2890 ex
942 2824 1066 2890 Phthia
1091 2826 1235 2890 naribus
1262 2843 1296 2889 n.

203 2921 420 3006 Tlepolemus
433 2944 477 2989 ex
493 2925 618 2990 Rhodo
633 2927 774 2990 naribus
790 2935 862 2992 rx.¹’
907 2926 1098 3011 Eurypylus
1109 2947 1154 2991 ex
1169 2927 1296 2994 Orcho·

235 3142 246 3193 t
265 3134 362 3185 Eadem
374 3136 555 3188 terminatione
568 3137 650 3188 utitrir
660 3148 688 3190 et
701 3139 799 3203 Hygia.
811 3139 922 3203 Mychoi.
933 3139 987 3188 t'ah.
998 3152 1054 3189 cvr.
1072 3139 1105 3187 ed
1118 3153 1194 3203 quem
1210 3139 1294 3189 locum

201 3199 257 3250 hee
268 3199 326 3263 ipsa
337 3200 414 3250 verbe
425 3202 530 3252 Duretie
542 3203 607 3253 citat
618 3202 803 3268 Mencken-l
819 3205 912 3267 Delph.
923 3203 1022 3254 mrim
1034 3202 1128 3253 XXX.

693 3329 799 3380 NOTAE

235 3405 728 3471 horefianemtttemprsffcnm
769 3415 827 3460 tuor
836 3408 930 3474 reliqui
940 3409 1019 3458 duces
1035 3421 1122 3458 aecum
1138 3421 1218 3458 natea
1234 3424 1296 3474 qua·

201 3481 357 3532 exercitibus
368 3491 396 3533 et
406 3483 531 3532 claaaihus
543 3481 643 3533 ornati!
661 3484 729 3534 Vide
769 3482 896 3545 draginta.

202 3557 238 3607 ihi
249 3564 346 3606 notate.
799 3558 806 3592 ¹
835 3559 943 3610 Navitas
964 3557 1091 3622 LXXX]
1119 3558 1246 3611 Homerus
1267 3569 1296 3612 et

235 3631 242 3665 ¹
256 3632 391 3682 Arcesilaus
401 3637 425 3682 et
435 3631 581 3694 Prutmr]
602 3632 665 3682 Cum
678 3633 728 3683 Pe·
769 3641 864 3705 Dictys
875 3638 1023 3703 nonaginta.

201 3708 381 3776 uelemheito,
401 3715 428 3756 et
443 3707 541 3759 Cluuio.
572 3708 617 3759 lta
633 3709 729 3760 Home·
801 3723 819 3750 Ι
837 3714 944 3764 Navitas
955 3709 1297 3777 munditenentem

202 3799 256 3846 rut,
268 3791 296 3834 et
308 3798 340 3832 tx
352 3797 384 3832 2⁰
396 3784 499 3846 Dicit&
769 3790 863 3852 Dictys
873 3787 1054 3853 quadraginta.
1309 3815 1318 3840 s

232 3857 245 3893 ἱ
260 3858 327 3923 Mu:
339 3857 498 3920 Telamonius]
523 3857 582 3906 lieu
599 3859 673 3908 rideo
682 3873 728 3909 eur
800 3873 812 3898 ¹¹
830 3864 938 3913 Navitas
949 3861 999 3928 X.]
1018 3861 1135 3912 Naribus
1147 3874 1186 3910 ιι.
1199 3860 1295 3912 Home·

202 3937 244 3987 hic
265 3936 338 3986 dieat
364 3935 483 3998 Ajacem,
504 3930 728 3996 Amphimachum,
767 3954 812 3989 rus
822 3947 849 3989 et
860 3937 960 4001 Dictys.

203 4011 321 4071 Dionem,
349 4007 487 4071 Thalpium
515 4016 543 4056 et
568 4007 727 4071 Polyxenam
801 4022 813 4046 ⁰
829 4013 938 4062 Nevitta
947 4008 1085 4071 xxm]
1113 4009 1229 4074 Triginta
1239 4017 1295 4063 teu·

202 4099 287 4146 aecum
305 4084 407 4133 diruisse
423 4097 480 4132 cum
497 4081 606 4132 navibus
621 4084 730 4146 urradra·
771 4097 825 4141 tum
839 4096 937 4152 penum
948 4087 1055 4137 Homer.
1066 4094 1095 4136 et
1106 4086 1210 4152 Dictys.

204 4161 285 4224 ginta.
317 4157 484 4210 Exllcmero
500 4157 567 4206 enim
580 4155 645 4219 Ajax
656 4158 729 4209 Tele.
801 4161 1018 4226 alemanam]
1040 4161 1092 4213 nui
1108 4167 1168 4213 ecto.
1187 4163 1294 4218 Honor.

204 4233 729 4299 munirttuateaduritduodecim,atqua·
770 4242 919 4304 etDietya·
