2959 4875
218 306 283 375 176
562 321 723 373 merrus
747 320 955 371 uuururtms

218 470 419 548 tempsere*
431 463 475 529 ud
489 464 685 529 merendum
699 463 831 530 bostem
852 462 1024 547 paulisper
1046 460 1122 529 susi
1145 461 1308 539 resistere.

217 586 299 633 mox
314 565 510 630 vulneribus
533 566 663 647 grauati
687 566 799 631 locum
823 565 984 631 emisere:
1006 563 1216 648 quieveritis,
1238 563 1310 628 uul-

217 667 286 735 lum
311 666 446 732 barbari
470 686 566 752 spem
596 668 755 749 reliquum
779 666 898 731 salutis
924 665 990 729 reti
1015 667 1087 731 siue
1113 665 1310 741 rectoribus,

217 788 324 853 neque
349 787 492 851 usquam
517 776 608 833 certo
634 768 749 833 ordine
775 766 943 851 puluutes,
966 766 1128 850 effusique
1153 785 1246 830 ruere
1268 762 1310 827 ed

217 876 351 957 portus3
372 886 482 951 eoque
497 874 612 933 urcto⁸
626 875 660 933 et
673 869 919 953 properantium
930 860 1135 932 multitudiue
1149 864 1311 949 impedito
1332 902 1337 909 ·

218 974 379 1055 ingressu,
403 990 480 1035 cum
502 988 604 1053 super
631 969 732 1036 ulium
757 970 844 1035 elius
869 970 974 1033 ruiuee
999 967 1101 1033 modo
1125 967 1313 1050 praeeipite-

218 1079 343 1150 reutur,
364 1072 553 1154 supervenit
578 1091 655 1136 cum
683 1070 888 1155 supradietis
911 1070 1057 1135 ducibus
1080 1068 1182 1153 Ajux.
1225 1068 1312 1131 Tum

215 1192 341 1256 magne
353 1174 406 1237 ris
420 1173 649 1250 barbarorum,
663 1172 795 1255 trepida
810 1170 1039 1255 impeditaque
1053 1171 1136 1233 iuter
1148 1188 1201 1247 se,
1221 1186 1314 1233 cursu

219 1276 452 1357 extinctaque:
473 1275 508 1338 in
528 1274 605 1356 quis
620 1274 745 1339 Priami
766 1272 908 1337 filiorum
924 1270 1094 1356 Antiphus
1116 1279 1151 1337 et
1171 1269 1313 1345 Polites,

220 1374 395 1451 Pemmou,
406 1372 579 1452 Mestor‚¹³
595 1381 698 1457 utque
710 1374 901 1457 Euphemus
913 1372 1110 1439 Troeueuius
1120 1380 1135 1419 ³
1144 1371 1213 1437 (lux
1223 1392 1314 1454 egre·

220 1476 296 1559 gius
310 1474 481 1540 ciconum.
523 1475 605 1557 [⁴4]
627 1474 683 1539 Ite
700 1473 852 1559 Trojeui
870 1472 974 1557 puulo
988 1479 1062 1539 ente
1078 1473 1234 1550 rietures,
1256 1474 1313 1538 ubi

221 1576 369 1643 adventu
390 1574 511 1659 Ajuuis
533 1574 671 1640 lonuuu
694 1575 778 1659 belli
799 1582 931 1640 mututu
954 1582 1019 1652 est,
1042 1576 1148 1640 versis
1171 1574 1313 1638 ducibus

220 1697 342 1763 pueues
355 1677 446 1741 luere
459 1677 589 1743 militiae
612 1677 829 1743 inconsultus:
855 1696 894 1741 uc
914 1683 1093 1761 postquem
1117 1676 1314 1740 udueuteute

220 1796 374 1861 vespere,
397 1778 528 1859 siguum
546 1780 670 1843 nostris
684 1780 835 1864 receptui
858 1778 971 1842 dutum
983 1784 1047 1854 est,
1063 1777 1209 1841 victores
1228 1776 1314 1841 ireti-

221 1897 288 1962 que
304 1877 347 1941 ed
361 1897 467 1943 neres
480 1880 633 1960 regressi,
654 1898 734 1943 mox
753 1880 796 1943 eb
811 1878 1059 1961 Agamemnone
1072 1883 1241 1943 eoeuutum
1256 1875 1314 1941 de·

222 1980 400 2044 ducuntur.
444 1979 498 2043 lbi
524 1979 628 2063 Ajux,
653 1979 866 2045 collaudatus
896 1999 918 2044 u
943 1997 1028 2063 rege,
1050 1978 1150 2045 donis
1175 1979 1315 2061 egregiis

221 2079 422 2145 honoreturr
448 2098 556 2163 neque
569 2079 689 2163 reliqui
704 2081 808 2145 duces
823 2080 913 2145 luctu
928 2087 1086 2165 gestuque
1101 2080 1163 2145 riri
1177 2078 1314 2144 silentio

221 2178 439 2247 remittuutz'
460 2183 586 2266 quippe
604 2182 728 2265 singuli
742 2181 941 2247 extollentes
957 2182 1121 2260 virtutem,
1133 2199 1315 2247 memorare

222 2282 324 2350 sortis
338 2283 436 2362 suctu,
457 2302 592 2349 eversus
604 2285 647 2348 ab
661 2303 703 2349 eu
717 2289 768 2348 tot
782 2282 936 2367 Phrygia
950 2283 1112 2360 eivitutes,
1136 2283 1316 2347 abductus·

223 2405 289 2469 que
303 2385 445 2470 praedus,
468 2390 501 2450 et
523 2384 565 2451 ud
588 2391 791 2470 postremum
811 2384 846 2450 in
866 2386 950 2468 ipsis
971 2386 1113 2450 nuribus
1140 2384 1314 2449 adversum

224 2486 405 2558 Hectorem
433 2488 598 2569 egregium
633 2507 787 2571 pugnum,
822 2487 1050 2570 liberatusque
1084 2487 1150 2569 igni
1179 2486 1315 2552 classes.

225 2584 347 2670 Neque
369 2589 525 2671 cuiqnam
546 2589 699 2667 dubium,
721 2590 801 2670 quin
824 2607 865 2652 ee
880 2595 1088 2672 tempestate,
1113 2593 1160 2652 tot
1175 2587 1315 2668 egregiis

224 2705 265 2751 ue
278 2688 510 2770 pulcherrimis
523 2688 596 2771 ejus
616 2689 834 2767 iecinoribus,
858 2707 935 2772 spes
958 2695 1094 2753 omues·
1108 2695 1210 2771 atque
1231 2706 1315 2771 opes

224 2789 356 2854 militine
379 2792 413 2853 in
435 2791 495 2854 tuli
518 2790 590 2854 uiro
614 2792 816 2855 sisterentur.
859 2788 1011 2854 Ceterum
1034 2808 1152 2873 proras
1175 2789 1314 2853 duurum

225 2889 388 2964 nuvium·
409 2892 532 2975 quibus
546 2891 657 2956 illutus
671 2889 758 2972 iguis
773 2909 844 2954 eum
861 2897 986 2974 partem
997 2889 1221 2956 tantummodo
1236 2907 1316 2954 cun·

680 3083 843 3106 eoeneum
846 3083 859 3105 0

226 3196 372 3262 vulpis-l
390 3199 487 3264 lleiplr.
502 3199 678 3263 prtum-¹
694 3200 787 3263 Delph.
801 3203 913 3249 utre-8
930 3199 972 3250 Sic
982 3200 1094 3250 eorrexlt
1104 3165 1216 3250 Merces
1229 3199 1318 3264 vulgo,

720 3375 826 3426 NO'PAE

226 3487 276 3548 bri,
295 3494 324 3537 ut
341 3487 486 3552 distinguet
497 3505 513 3538 u
523 3491 625 3541 Glsueu
636 3489 752 3540 Auteuu·
792 3490 841 3553 ter]
865 3489 915 3540 Eur
931 3490 1000 3539 inter
1018 3487 1187 3538 Prirrnifllier
1198 3497 1317 3539 numeret

225 3563 272 3625 ru,
282 3562 315 3610 de
325 3577 377 3626 qne
387 3563 463 3613 infru.
793 3567 936 3626 Homerum
954 3581 987 3614 ex
999 3579 1031 3614 eu
1043 3564 1192 3628 Apulioder.
1204 3573 1230 3614 et
1244 3565 1294 3616 ulii.

258 3636 413 3699 'Ser-peden]
430 3637 585 3688 APstrorlo
597 3639 752 3689 interfectus
824 3648 835 3682 ⁷
854 3640 997 3703 Troeuriur]
1021 3639 1137 3690 Troeueui
1156 3639 1240 3700 filiun
1260 3641 1315 3704 jum

227 3715 314 3765 iulius
325 3725 421 3778 pum.
449 3713 614 3764 Hem.1l.n.
642 3715 753 3765 seduli·
791 3729 879 3778 suprs.

228 3796 270 3840 ter
280 3789 357 3854 prule
368 3788 471 3851 Dictys,
481 3789 548 3838 libro
556 3790 682 3852 sequenti.
822 3796 833 3820 ¹
849 3788 1007 3853 Speremus]
1023 3789 1099 3852 Spes,
1109 3789 1251 3852 pluraliter.
1273 3789 1317 3839 Sis

260 3871 277 3898 ⁹
294 3864 457 3927 Astur-epm]
482 3863 574 3926 iareim
592 3861 659 3922 tirlt3
675 3877 752 3928 quem
792 3863 885 3913 Herm.
897 3864 981 3912 ‘Vite
993 3879 1091 3913 summa
1101 3865 1187 3915 brevis
1198 3879 1258 3930 sper
1269 3881 1317 3915 uer

227 3953 281 3988 uus
295 3952 353 3988 euru
368 3937 518 4000 Serpedoue
534 3945 563 3988 et
577 3937 678 3989 Gluueu
697 3938 752 3989 ilu-
792 3945 865 3988 vetut
875 3939 996 3989 iuelrurre
1009 3939 1115 4000 iunges!

227 4027 312 4063 merus
331 4013 452 4076 preterit
469 4014 667 4077 quiritatum·
681 4015 752 4065 ruri·
824 4015 954 4066 murres
965 4014 1072 4078 mue]
1090 4013 1178 4078 Ajeeis
1187 4021 1215 4065 et
1226 4015 1318 4066 Prote·

228 4087 284 4135 lirr‘
791 4090 856 4142 silui.

261 4102 417 4225 ¹u,linr‘rlr'pqu
437 4163 536 4226 Polites,
553 4164 674 4220 Parnm,
687 4165 753 4213 Mes·
