2959 4875
256 370 300 435 al
519 384 597 433 rae.
622 378 814 431 rrnrzorur
842 378 1090 428 ursrrarruro

258 526 361 603 Neio,
382 544 480 609 aeque
504 544 544 590 ae
567 527 624 590 ille
650 520 822 601 Claudius,
844 522 978 587 Claudii
994 520 1140 584 Neronis
1154 516 1349 581 nominibus

256 628 321 691 tuit
335 627 531 710 appellatus,
546 646 622 710 quse
637 624 770 689 uomina
784 630 818 687 et
837 623 870 686 iu
892 622 956 685 hac
979 620 1134 714 Historia
1158 619 1251 702 apud
1274 616 1353 682 Ma·

256 726 358 791 lelaru
372 727 480 809 priore
495 728 572 792 loco
579 726 700 809 juncta
713 726 929 809 reperiuntur,
941 720 1041 807 eripite,
1056 719 1232 803 iuquit,irt
1249 727 1351 782 unav-

257 824 312 889 δίου
334 823 456 911 Νέρωνος
481 825 629 901 Βασιλέως
652 828 679 889 b
701 820 841 910 κιβωτίῳ,
868 826 1060 889 ‘inventum
1083 820 1157 885 est’
1177 821 1241 884 lucc
1261 838 1351 903 opus

254 928 400 1012 Dictyos
418 934 585 1013 ‘ternpore
605 927 740 993 Claudii
756 927 902 991 Neronis
919 923 1148 1009 Imperatoris,
1164 922 1196 984 in
1212 919 1352 984 arcula?

257 1028 348 1093 Hinc
358 1029 431 1111 jam
445 1029 583 1107 sactum,
598 1037 635 1094 ut
648 1030 850 1113 posteriores
866 1025 1029 1103 Graeculi,
1041 1043 1108 1088 uno
1118 1023 1160 1087 ad
1170 1021 1353 1102 designan-

257 1128 336 1191 dum
359 1129 447 1195 hunc
473 1130 706 1213 Imperatorem
731 1128 917 1192 defuncturi
938 1128 1082 1201 nomine,
1097 1125 1188 1207 prius
1210 1122 1354 1204 potissi·

256 1246 348 1309 mum
372 1230 580 1313 arripuerint,
596 1236 629 1293 et
647 1229 826 1293 Claudium
842 1226 1037 1309 simpliciter
1050 1225 1207 1301 dixerint,
1220 1230 1259 1286 ut
1272 1224 1353 1305 ipse

256 1328 336 1393 lacit
351 1328 494 1394 Mulelas
518 1330 702 1412 posteriore
723 1329 812 1404 loco,
828 1330 886 1409 qni
909 1336 1017 1409 tamen
1039 1332 1110 1390 erat
1125 1323 1227 1390 Nero.
1272 1324 1356 1387 Fre·

257 1448 366 1511 quens
387 1430 442 1494 hic
465 1449 555 1493 error
568 1432 669 1495 etiam
691 1429 781 1512 apud
798 1429 936 1492 Latinos
953 1426 1153 1509 Scriptores,
1166 1444 1211 1489 ex
1233 1424 1352 1489 iisdem

260 1530 477 1609 diversorum,
493 1531 554 1595 scd
570 1532 811 1614 proximorum,
826 1528 1070 1612 Imperatorum
1093 1526 1284 1591 nominibus
1297 1544 1354 1587 or-

256 1635 323 1694 tus.
367 1630 448 1713 lpse
464 1631 645 1695 Suetonius
673 1633 721 1695 ita
747 1629 874 1695 Neroni
898 1628 1012 1693 tribuit
1033 1629 1067 1690 iu
1088 1627 1161 1710 ejus
1182 1626 1251 1689 vita
1271 1643 1357 1707 cap.

256 1730 309 1793 17.
332 1748 410 1813 quae
434 1731 567 1797 Claudii
594 1738 697 1796 erant.
740 1730 831 1794 Vide
853 1729 1135 1811 elegantissimum
1160 1725 1353 1790 Brummeri

258 1829 539 1895 Commentariun
563 1830 606 1895 ad
629 1833 669 1896 L.
686 1830 851 1907 Cinciam,
866 1850 940 1913 cap.
962 1832 995 1892 5.
1039 1827 1133 1907 Quin
1154 1829 1245 1911 quod
1271 1846 1354 1910 pro·

256 1931 334 2015 pius
350 1931 494 2009 accedit,
509 1952 607 1995 unum
628 1931 785 2014 idemque
807 1930 934 1995 SCtum
950 1939 1102 2011 tempore
1119 1928 1263 1993 Neronis
1278 1926 1354 1991 sac·

256 2038 339 2110 tum,
361 2032 488 2115 injure
510 2032 664 2098 Romano
685 2033 786 2097 modo
808 2030 1042 2107 Claudianum,
1064 2029 1165 2094 modo
1186 2027 1221 2092 N
1224 2028 1356 2092 eronia-

225 2178 228 2187 .
256 2148 347 2209 uum,
363 2132 499 2210 dicitur,
513 2141 553 2197 ut
574 2133 691 2198 docuit
714 2132 754 2195 P.
770 2132 893 2209 Faber,
909 2132 1126 2197 semestrium
1140 2130 1198 2193 lib.
1217 2146 1244 2193 1.
1272 2148 1355 2213 cap.

256 2232 315 2298 ult.
360 2234 483 2316 Neque
497 2234 633 2299 aliunde
657 2236 788 2300 videtur
802 2243 923 2311 ortum,
939 2233 1028 2316 quod
1050 2233 1147 2297 toties
1173 2230 1353 2295 Hadriano

256 2334 454 2415 simpliciter
482 2336 706 2413 ascribuntur,
730 2355 808 2418 quar
835 2336 880 2399 ab
906 2334 1076 2398 Antonino
1090 2332 1154 2396 Pio
1180 2338 1257 2394 sunt
1270 2350 1354 2414 pro-

256 2433 357 2513 lecta,
372 2435 464 2514 (vide
476 2438 651 2501 Bertrandi
668 2435 769 2501 Vitas
784 2436 806 2501 J
810 2434 949 2501 Ctorum
964 2435 999 2500 io
1014 2430 1132 2518 Gaia)
1153 2451 1253 2516 quarn
1268 2432 1354 2516 quia

257 2557 319 2622 per
334 2536 549 2620 adoptionem
562 2539 727 2603 Antonini
750 2541 794 2603 ab
809 2537 984 2603 Hadriano
998 2537 1120 2601 iactam
1142 2535 1208 2600 hoc
1225 2534 1353 2598 Hadri·

257 2625 313 2704 aui
334 2657 453 2703 nomen
476 2638 631 2704 Antonini
656 2639 709 2704 l’ii
729 2640 883 2722 genuinis
897 2636 1088 2704 nominibus
1105 2636 1186 2700 addi
1205 2643 1241 2700 et
1263 2655 1353 2717 prae-

256 2740 344 2805 mitti
357 2741 494 2806 solebat.
537 2739 617 2818 Qua
627 2740 743 2810 eadem
755 2760 889 2823 prorsus
898 2741 1027 2804 ratione
1038 2738 1140 2801 etiam
1154 2735 1353 2801 Hadrianus

256 2841 499 2924 stepe'l'rojeni
521 2843 650 2906 nornine
664 2841 868 2926 designatur,
884 2847 923 2905 ut
947 2839 1093 2905 ostendit
1116 2837 1287 2921 Rupertus
1302 2838 1352 2902 ad

256 2941 491 3026 Pomponium,
502 2941 547 3030 de
563 2941 621 3007 Or.
632 2941 719 3025 juris
734 2962 811 3026 pag.
829 2943 879 3006 16.
896 2944 948 3007 17.
964 2941 1016 3006 18.

302 3059 334 3124 u.
357 3040 459 3119 Quod
485 3048 594 3106 autem
618 3042 710 3107 Nero
731 3044 858 3126 potius,
873 3062 973 3126 quam
996 3040 1161 3106 Claudius
1181 3040 1278 3104 fuerit
1303 3040 1350 3118 is,

255 3143 361 3226 quiin
376 3143 437 3208 bac
454 3142 607 3207 Historia
619 3151 830 3222 memoratur,
844 3146 878 3208 id
890 3163 968 3208 vero
983 3163 1049 3208 nou
1064 3149 1192 3208 tuntum
1203 3160 1246 3206 ex
1261 3141 1352 3224 Sep-

256 3244 350 3308 timio
369 3250 480 3309 nostro
503 3245 618 3327 liquet,
634 3247 692 3329 qui
715 3246 836 3310 diserte
864 3245 1033 3310 Neronem
1056 3244 1219 3321 nominat,
1233 3243 1294 3306 sed
1310 3253 1352 3308 et

253 3345 426 3429 probabile
439 3353 493 3408 est
508 3364 552 3408 ex
569 3365 623 3424 eo,
638 3347 725 3430 quod
750 3347 896 3412 Malelas
910 3367 988 3430 pag.
1001 3344 1077 3410 322.
1099 3363 1196 3427 aeque
1207 3363 1248 3407 ac
1262 3343 1352 3426 Sep-

255 3445 382 3522 umine,
403 3444 631 3511 tertiodecimo
646 3446 862 3531 Imperatoris
877 3467 965 3513 anuo
981 3447 1107 3530 Dictyn
1121 3445 1211 3509 huuc
1231 3445 1352 3508 inven-

254 3552 326 3610 turn
339 3552 372 3609 et
387 3545 547 3627 prolatum
564 3549 621 3623 ait,
635 3547 736 3631 idque
759 3558 840 3631 post
861 3548 993 3613 cladem
1013 3567 1073 3610 seu
1095 3553 1192 3610 terroe
1205 3553 1351 3623 motum,

254 3664 322 3729 quo
337 3646 478 3727 graviter
499 3645 625 3711 afflicta
645 3655 724 3714 tunc
746 3651 847 3714 suerit
861 3650 975 3715 Creta.
1018 3647 1071 3712 Ea
1092 3654 1204 3711 autem
1219 3647 1349 3728 optime

254 3746 452 3811 conveniunt
466 3747 501 3811 iu
515 3747 607 3811 illum
624 3769 690 3814 non
704 3750 851 3828 Claudii,
866 3751 928 3815 sed
945 3749 1094 3814 Neronis
1107 3765 1240 3810 aunum.
1271 3745 1348 3810 Ne-

252 3867 291 3912 ro
302 3848 400 3923 enim,
414 3854 452 3912 ut
462 3852 532 3912 erat
545 3847 690 3915 Musicis
704 3850 898 3918 Graecorum
912 3851 1038 3917 artibus
1053 3848 1096 3913 ad
1106 3847 1272 3910 insaniam
1288 3865 1349 3910 us·

253 3966 320 4031 que
334 3946 477 4025 deditus,
492 3948 667 4031 profectus
681 3958 731 4016 est
748 3971 789 4016 eo
803 3972 889 4018 auno
903 3954 938 4017 in
953 3950 1134 4025 Graeciam,
1150 3954 1187 4010 et
1199 3967 1260 4030 per
1273 3966 1348 4012 oru-

252 4047 310 4112 uia
324 4047 422 4112 isthic
445 4047 598 4113 ludorum
614 4053 798 4117 certamina
809 4072 850 4116 ac
865 4052 1074 4136 spectacula,
1091 4051 1127 4114 iu
1139 4067 1243 4111 uuum
1256 4045 1347 4112 hunc

253 4167 373 4217 anuum
387 4149 543 4216 consulto
557 4151 612 4216 vel
623 4152 726 4235 jussu
739 4155 848 4237 ipsius
863 4161 993 4234 coacta,
1008 4149 1186 4218 circumiit.
1230 4146 1345 4226 Quam
