2959 4875
215 312 280 379 1110
593 329 755 378 ιιιιιιιίιιι
778 330 936 379 astaron

216 474 320 535 noctu
349 470 448 553 legati
478 468 621 535 vadunt:
653 470 800 537 occurrit
819 470 888 535 illis
916 470 1049 535 Dolon¹
1071 490 1114 535 ex
1139 470 1308 554 Trojanis.

218 570 379 648 Quicum
395 572 683 653 interrogarentur,
699 571 781 655 quid
793 570 841 633 ita
850 571 966 633 armati
976 578 1078 635 noctu
1091 571 1134 635 ad
1145 572 1308 654 oppidum

217 672 406 751 venissent;
428 670 582 736 dixerunt
605 690 642 733 se
668 670 711 733 ab
734 667 984 753 Agamemnone
1004 671 1136 753 legatos
1152 671 1196 735 ad
1212 672 1306 736 Pria·

217 791 308 835 mum
330 772 464 837 missos.
508 770 605 848 Quos
627 776 665 835 ut
683 768 837 833 Priamus
853 770 984 835 audivit
998 773 1142 849 venisse,
1165 778 1200 837 et
1221 773 1309 837 desi·

217 873 342 937 derium
357 892 453 939 suum
467 873 682 954 exposuisse,
694 870 727 933 in
743 870 919 933 eonsilium
935 891 1051 935 omnes
1066 871 1171 937 duces
1184 893 1307 937 convo-

218 982 282 1039 cat.
326 972 466 1050 Quibus
488 974 587 1037 refert
611 973 738 1053 legatos
765 971 896 1036 venisse
925 974 969 1037 ab
995 972 1253 1056 Agamemnone,
1274 981 1310 1039 et

216 1074 367 1139 inducias
385 1074 428 1138 ad
443 1075 616 1137 triennium
633 1078 759 1155 petere.
804 1074 946 1137 Hectori
959 1084 1151 1157 suspectum
1167 1074 1309 1152 videtur,

217 1174 308 1256 quod
335 1180 402 1239 tam
425 1172 557 1256 longum
581 1180 713 1256 tempus
736 1174 975 1255 postulassent.
1022 1176 1176 1239 Priamus
1198 1176 1309 1241 dicere

216 1277 365 1357 imperat,
381 1273 462 1357 quid
487 1276 610 1357 cuique
634 1274 801 1340 videatur:
823 1276 978 1341 omnibns
996 1277 1159 1358 placitum
1179 1282 1242 1353 est,
1258 1276 1309 1339 in·

218 1376 335 1441 ducias
350 1377 383 1439 iu
396 1377 570 1441 triennium
586 1376 671 1441 dari.
698 1376 840 1441 Interim
853 1375 992 1459 Trojani
1005 1378 1125 1441 sumnia
1135 1385 1308 1454 renovant,

219 1494 298 1541 suos
313 1477 447 1541 saucios
472 1486 604 1554 curant,
626 1497 701 1542 cum
723 1477 852 1557 ingenti
868 1478 992 1541 honore
1005 1497 1087 1541 snos
1101 1479 1243 1561 quisque
1257 1478 1309 1541 iu-

217 1583 321 1642 nerat.
365 1576 450 1660 [28]
471 1578 621 1661 Tempus
647 1597 768 1661 pugnas
798 1579 991 1660 superuenit
1015 1584 1093 1661 post
1117 1578 1308 1643 triennium.

218 1676 349 1743 Hector
363 1684 397 1743 et
409 1678 544 1743 Troilus
559 1680 746 1743 exercitum
760 1679 907 1743 educunt
920 1698 995 1743 cnm
1012 1680 1130 1743 AEnea.
1181 1681 1309 1744 Contra

219 1778 458 1861 Agamemnon,
482 1779 669 1857 Menelaus,
692 1778 853 1856 Achilles,
873 1787 908 1845 et
926 1781 1105 1845 Diomedes
1119 1789 1308 1845 occurrunt.

219 1880 277 1943 Fit
292 1898 410 1963 magna
426 1880 546 1945 caedes.
591 1880 722 1946 Hector
744 1882 777 1943 in
799 1882 907 1964 prima
928 1882 1003 1946 acie
1018 1881 1122 1945 duces
1137 1882 1309 1947 validissi-

218 2001 292 2045 mos
308 1981 473 2057 interficit,
497 1980 711 2065 Phidippum,
732 1982 938 2064 Antiphane!
960 1990 993 2046 et
1009 1982 1216 2046 Marionem.¹
1258 1982 1309 2046 A·

219 2082 335 2147 chilles
364 2082 582 2164 Lycaonem,⁸
612 2082 913 2165 Eupinorlsumqueb
941 2084 1078 2147 occidit.
1122 2084 1176 2147 Ex
1197 2090 1310 2148 cetera

217 2184 318 2266 plebe
331 2184 435 2247 multe
446 2182 551 2247 millia
561 2184 730 2247 hominum
743 2202 788 2246 ex
802 2191 940 2267 utraqns
957 2193 1052 2266 parte
1063 2185 1208 2249 cadunt:
1224 2202 1309 2266 pog-
1366 2240 1376 2255 ,

218 2292 320 2349 natur
344 2284 462 2348 acriter
483 2284 649 2347 coutinuis
670 2284 790 2347 diebus
812 2286 956 2364 triginta.
1000 2285 1157 2348 Priamus
1172 2292 1209 2349 nt
1225 2284 1309 2348 vidit

217 2385 326 2450 multa
353 2385 457 2450 millia
485 2386 656 2450 hominum
680 2384 721 2450 de
746 2404 808 2450 suo
834 2385 982 2451 exercitu
1005 2385 1181 2462 cecidisse,
1207 2385 1309 2449 mittit

218 2485 724 2568 Ιθςιῐοειιιί11ςιιιιιιιιιιιιιιιιειιι,ε
745 2496 785 2549 ut
808 2485 960 2549 inducias
976 2491 1123 2568 peterent
1138 2487 1308 2549 mensibus

219 2605 291 2650 sex.
336 2584 380 2648 Et
399 2603 443 2648 ex
457 2585 593 2650 consilii
610 2587 780 2650 sententia
797 2585 1027 2666 Agamemnon
1050 2585 1200 2650 concedit
1213 2586 1309 2649 indu-

219 2687 302 2752 cias.
345 2684 494 2768 Tempus
519 2705 637 2770 pugnae
662 2687 878 2770 supervenit:
908 2688 1027 2750 acriter
1050 2707 1110 2769 per
1131 2687 1308 2750 duodecim

711 2896 819 2948 NOTAE

243 3017 255 3041 ¹
275 3010 399 3072 Ulyssesst
408 3009 536 3058 Diomedes
544 3016 612 3059 asses
621 3010 744 3071 legation-
815 3007 1049 3075 tammam]
1074 3010 1126 3060 Sed
1143 3025 1200 3061 enm
1213 3013 1310 3063 Home·

219 3087 295 3133 duat:
311 3083 471 3132 oemrrits'lls's
484 3084 575 3147 Duos]
602 3085 743 3134 Historiam
784 3098 854 3134 rusa
868 3086 989 3134 Menelao
1006 3085 1170 3136 interiectum
1185 3088 1258 3145 dicit,
1275 3091 1309 3139 11.

220 3158 321 3221 Ulyssls
332 3165 359 3207 et
370 3157 503 3208 Diomedis
514 3159 554 3208 liic
564 3159 682 3210 immutat
692 3160 743 3209 Da·
784 3169 810 3212 P.
827 3164 904 3211 cirea·
915 3162 1027 3211 cadaver
1044 3163 1166 3212 Patrocli.
1189 3163 1270 3225 τόφρα
1282 3164 1312 3214 H

220 3249 270 3285 res.
304 3234 348 3284 liii
365 3235 432 3283 enim
444 3241 521 3284 uootn
533 3235 565 3284 sd
576 3235 743 3298 Trojaaoruru
783 3237 1310 3301 τοικινίλωι,1ρήτιιἈτρ1ιιν11ι,πιτρ6·

220 3317 306 3358 castra
328 3311 503 3372 speculatores
523 3311 590 3360 missi
618 3310 744 3360 Dolonem
784 3315 1041 3377 κλφιιιμβδιπρόιιι
1053 3314 1098 3363 τὸν
1106 3315 1310 3377 domatum

219 3394 389 3448 exceperunt,
404 3385 449 3447 qui
466 3399 482 3432 a
496 3386 612 3449 Trojanis
630 3387 745 3449 specula·
784 3391 916 3449 misas
932 3391 1062 3453 Εὔφορβον.
1082 3391 1205 3440 ‘interim
1223 3400 1309 3441 autem

220 3467 261 3507 tor
287 3459 365 3508 etlam
389 3459 548 3510 mittebatur·
583 3459 648 3509 Vide
675 3460 744 3524 *pud
785 3467 919 3516 Menelaus
935 3466 1069 3515 bellicosus
1083 3466 1157 3514 Atrei
1172 3466 1310 3527 ortanus·

220 3532 327 3594 ntetyn.
785 3542 893 3593 moelem
910 3539 1062 3600 defendens,
1072 3540 1241 3603 Trojanorara
1259 3540 1310 3588 tor·

251 3607 432 3669 'Plidippam
453 3608 596 3672 Astiplsasa]
623 3609 674 3659 Eos
691 3610 746 3660 Ho-
784 3613 1310 3680 tissimnatoccidit,PantltoidenEupiaer.

219 3694 305 3731 merus
317 3679 469 3730 interiectos
479 3679 559 3731 fuisse
570 3697 621 3732 noa
633 3683 720 3734 tradis.
785 3687 864 3738 bam!

251 3766 261 3792 ¹
279 3759 312 3806 Et
325 3757 467 3820 nerim]
483 3756 535 3806 Sed
548 3758 603 3821 jara
621 3771 709 3821 sopra,
721 3775 747 3822 p.
817 3763 926 3812 ‘Mittit
943 3763 1034 3824 &gates
1049 3765 1080 3811 sd
1097 3763 1308 3830 emm]

219 3836 278 3882 117.
290 3833 298 3861 ‘
309 3831 410 3882 Hector
426 3832 570 3882 Merionen
580 3825 747 3898 persequitur
786 3838 864 3893 Nota.
876 3839 1060 3900 ineptissimum
1076 3839 1144 3888 hune
1157 3841 1310 3904 scriptorem

220 3915 248 3957 et
259 3907 373 3957 occidit.¹
785 3914 822 3964 its
841 3913 1011 3963 osrratiooem
1028 3927 1098 3962 suam
1114 3914 1266 3977 instituisse,
1281 3923 1311 3965 nt

252 3981 385 4030 *Achilles
396 3983 537 4047 [questu]
562 3982 606 4032 Ita
617 3983 745 4033 Homerus
785 3989 893 4038 Grecos
906 3996 934 4037 ιι
954 3989 1078 4051 Trojsuos
1095 4003 1143 4052 per
1158 3990 1227 4041 sicea
1237 3991 1309 4041 iuda·
1326 4029 1335 4040 .

219 4055 298 4178 Ἡ.
335 4059 436 4122 Lycaon
457 4069 541 4112 autem
560 4061 657 4110 Priami
677 4060 744 4110 tilius
782 4064 835 4114 olas
847 4062 1090 4128 petenteaindocat.

233 4143 278 4179 ιιι.
