2959 4875
207 340 283 412 θῶ·
576 352 738 403 unsaris
762 348 920 402 aaaron

208 498 349 567 eundem
364 495 641 582 Agamemnonem
656 497 794 563 minima
807 516 881 562 eam
895 495 1066 561 discordia
1079 494 1152 559 fieri
1176 514 1290 579 posse.

208 606 295 671 Item
309 604 554 678 commemorat,
571 599 662 687 quod
677 599 755 663 dum
774 599 805 663 is
828 616 978 663 summus
999 598 1178 680 imperator
1190 604 1291 675 esset,

209 724 264 771 res
278 706 436 789 prospere
452 707 555 786 gestae
566 702 643 778 siut,
653 707 687 763 et
698 700 782 765 satis
795 698 926 763 felicem
935 697 1115 762 exercitum
1126 696 1247 761 fnisse:
1260 696 1291 760 si

210 806 267 873 cui
282 802 364 889 qnid
377 801 469 868 aliud
484 802 645 878 videatur,
660 799 769 865 dicere
784 798 916 863 suadet.
948 796 1074 862 Omnes
1088 795 1290 876 assentiunt3

207 904 489 988 Agamemnonem
501 920 665 967 summam
680 901 916 982 imperatorem
931 897 1125 982 praeficiunt.
1148 899 1293 963 Postera

208 1005 263 1077 dle
273 1002 410 1087 'l'rojani
425 1022 469 1068 ex
484 1003 609 1088 oppido
622 1002 695 1067 laeti
708 1002 1040 1085 inaciemprodennt.
1063 1001 1292 1083 Agamemnon

207 1110 322 1173 oontra
337 1106 516 1171 exereitum
533 1104 661 1169 educit:
684 1103 801 1187 prauo
822 1104 1002 1168 commisso
1017 1108 1152 1184 uterque
1166 1100 1293 1165 exerci-

208 1213 263 1273 tas
277 1209 363 1273 iuter
377 1204 589 1288 satagantur.
633 1205 818 1288 Postquam
833 1207 940 1289 major
962 1223 1041 1288 pars
1056 1203 1123 1267 dici
1149 1206 1292 1281 transiit,

207 1306 359 1391 procedit
372 1308 406 1371 in
419 1307 534 1389 primis
546 1306 696 1382 Troilus,
713 1306 826 1384 caedit,
839 1306 1004 1382 devastat,
1013 1304 1158 1387 Argivos
1169 1305 1203 1369 in
1218 1322 1291 1370 eas·

207 1410 373 1489 trafugat
416 1406 555 1472 Postera
569 1408 624 1471 die
637 1408 775 1492 'IloJani
796 1407 979 1472 exercitum
991 1407 1156 1471 educam:
1180 1411 1293 1471 contra

208 1506 447 1591 Agamemnon.
491 1506 548 1572 Fit
571 1527 689 1591 magna
713 1508 836 1585 caedes,
861 1516 998 1590 uterque
1018 1506 1188 1571 exercitus
1208 1506 1293 1571 inter

208 1628 245 1675 re
268 1617 426 1693 pugnant,
449 1610 601 1693 pralium
627 1630 702 1674 acre
721 1610 768 1675 fit.
814 1609 944 1674 Multos
970 1608 1073 1673 daces
1094 1605 1293 1690 Argivorum

207 1708 339 1777 Troilus
368 1712 539 1776 interfecit
605 1711 777 1793 Pugnatur
805 1711 974 1776 coutinuis
1003 1710 1122 1775 diebus
1151 1717 1290 1792 septem.

208 1809 437 1892 Agamemnon
453 1812 603 1877 inducias
626 1814 711 1896 petit
736 1815 771 1878 in
785 1813 871 1878 duos
891 1830 1032 1877 menses.
1077 1811 1293 1875 Palamedem

208 1910 385 1993 magnifico
400 1912 511 1975 iuuere
524 1911 628 1989 effert,
645 1920 835 1997 ceterosque
850 1913 953 1979 daces
967 1931 1009 1977 ac
1022 1912 1147 1976 milites
1160 1913 1293 1995 utrique

210 2011 426 2095 sepeliendos
440 2020 568 2079 curant.
609 2014 692 2095 [30.]
706 2012 944 2096 Agamemnon,
952 2014 1033 2078 dnm
1047 2012 1192 2077 maasia
1207 2018 1293 2091 sunt,

209 2112 312 2178 mittit
325 2113 367 2177 ad
382 2112 562 2191 Achillem,
578 2112 771 2194 Nestorem,
786 2114 955 2197 Ulyssem,
971 2113 1180 2191 Diomedem,
1193 2121 1229 2178 ut
1240 2133 1294 2179 ro·

209 2219 322 2298 garent
334 2216 427 2280 illum
443 2217 477 2279 in
492 2214 614 2279 bellum
628 2215 771 2299 prodire.
814 2215 968 2297 Abnegat
983 2214 1130 2280 Achilles
1139 2220 1292 2294 moestus,

209 2319 302 2401 qnod
319 2318 391 2402 jam
405 2321 631 2385 destinaverat
643 2321 678 2385 in
691 2318 818 2385 bellurn
839 2338 907 2384 non
921 2318 1063 2404 prodire,
1085 2318 1129 2383 ob
1144 2317 1180 2381 id
1200 2318 1294 2401 qnod

208 2420 406 2504 promiserat
420 2422 583 2501 Hecubae,
598 2442 634 2488 se
645 2423 755 2488 minus
768 2428 1003 2506 pugnaturum,
1012 2419 1153 2504 eoquod
1167 2418 1294 2504 Polyx-

210 2539 307 2586 enam
322 2523 418 2588 valde
432 2526 574 2590 amabat
617 2524 731 2608 Goepit
751 2525 838 2589 male
861 2543 920 2588 eos
940 2524 1092 2606 accipere
1108 2521 1168 2604 qai
1193 2521 1236 2585 ad
1258 2541 1295 2586 se

209 2633 379 2702 venerant,
390 2624 503 2690 dicens
518 2631 711 2709 perpetuam
725 2646 845 2709 pacem
857 2626 928 2690 fiori
943 2630 1115 2708 oporteret
1130 2628 1223 2687 tanta
1236 2643 1294 2706 pe·

209 2723 315 2789 ricula
325 2727 421 2792 unias
436 2728 580 2792 mulieris
592 2747 696 2793 causa
708 2727 792 2805 fieri,
800 2729 985 2792 libertatem
995 2724 1187 2810 periclitari,
1201 2729 1294 2789 tanto

209 2829 358 2908 tempore
370 2828 550 2893 diffidere:e
565 2848 682 2912 pacem
696 2831 901 2912 expostulat,
911 2847 1058 2912 pugnam
1066 2827 1183 2890 renuit.
1204 2823 1295 2908 Aga·

210 2923 378 2992 memnoni
403 2931 617 3008 renuntiatur,
635 2930 713 3015 quid
739 2950 816 2994 cum
834 2927 966 2995 Achille
989 2932 1101 2992 actum
1124 2927 1179 3005 sit,
1199 2926 1295 2992 illurn

209 3027 421 3110 pertinaciter
433 3050 566 3114 negare.
610 3031 842 3114 Agamemnon
855 3050 969 3095 omnes
991 3030 1094 3094 duces
1107 3029 1142 3093 in
1158 3029 1294 3093 consili·

209 3147 265 3194 um
280 3136 388 3209 vocat,
405 3133 585 3196 exercitum
600 3133 754 3210 consulit,
766 3132 846 3216 qaid
861 3131 933 3196 fieri
947 3131 1076 3210 debeat,
1091 3131 1231 3214 imperat
1243 3129 1294 3194 di·

210 3248 284 3295 cere
294 3232 376 3314 quid
392 3232 514 3317 cuique
528 3232 690 3300 videatur.
722 3234 897 3300 Menelaus
911 3233 1031 3298 homati
1042 3232 1148 3316 eoepit
1158 3230 1295 3295 tratrem

210 3349 318 3409 suum,
340 3338 378 3398 ut
403 3335 516 3419 potius
537 3335 700 3400 exercitus
714 3336 751 3401 ia
766 3355 912 3420 pugnam
927 3333 1077 3419 prodeat,
1093 3353 1156 3399 nec
1170 3333 1292 3398 debere

209 3435 333 3512 terreri,
349 3435 378 3499 si
396 3433 545 3502 Achilles
561 3457 599 3502 so
614 3438 844 3504 excusaverit:
867 3456 903 3502 ss
924 3445 1036 3501 tamen
1058 3453 1293 3519 persuasumm

211 3533 243 3594 ei
257 3541 294 3598 nt
308 3536 446 3619 prodeat
460 3537 644 3616 inbellem,
666 3559 728 3604 nec
743 3539 851 3604 vereri
874 3539 905 3602 si
926 3532 1094 3601 noluerit.d
1140 3535 1294 3600 Comme·

209 3639 327 3712 morat,
343 3635 506 3718 Troianos
521 3655 588 3701 nun
601 3637 725 3704 habere
737 3639 841 3705 aliam
855 3639 962 3703 virum
977 3643 1045 3702 tam
1058 3637 1175 3702 fortem
1191 3655 1292 3722 quam

699 3833 806 3887 NOTAE

241 3970 253 3996 ⁰
269 3951 350 4008 Tanto
365 3964 466 4023 tmpore
485 3959 603 4026 diffidere]
631 3961 662 4010 Id
680 3969 730 4028 erl,
769 3963 829 4027 qs'il
845 3977 876 4014 re
890 3960 1008 4026 erdneit
1022 3962 1088 4024 potat
1104 3961 1161 4026 gu'a'l
1175 3963 1295 4012 remur

209 4043 282 4086 tanto
298 4044 413 4098 tempore
426 4036 536 4088 mamre
551 4037 730 4089 sedesnmma
766 4056 819 4104 par.
851 4037 1293 4100 Auamma-’arunte

210 4110 405 4174 reidesperrre.
770 4116 822 4168 Sed
832 4116 909 4166 nolim
918 4116 967 4165 luce
977 4115 1079 4164 imitari.

239 4185 320 4236 *Nee
337 4185 412 4236 vereri
427 4186 451 4237 si
465 4187 577 4251 solam]
604 4189 673 4242 Gall.
694 4193 729 4242 Et
