2959 4875
458 368 506 414 nu
532 366 662 415 uxeio.
685 364 813 413 nnorn
837 366 986 416 ursron.
1200 352 1265 417 323

172 507 422 573 Penthesileam
437 510 634 573 obtruncat.e
657 508 708 572 Eo
723 508 816 572 facto
831 513 934 573 totum
950 512 1134 574 exercitum
1147 510 1266 594 Troja-

171 626 288 674 nornm
298 612 332 674 in
343 611 456 673 urbem
468 610 572 691 fugat.
607 606 726 691 Argivi
741 628 818 672 cnm
832 611 985 675 exercitu
1001 630 1129 675 murum
1141 612 1268 675 circon-

173 711 264 789 dant,
277 720 317 775 ut
331 712 421 775 foras
437 711 575 793 Trojani
587 712 679 775 exire
694 729 761 773 non
776 716 923 793 possent.
968 711 1051 797 [θλ]
1073 712 1161 777 Haec
1176 720 1269 796 post-

173 832 275 896 quam
286 812 424 896 Trojani
436 811 598 891 viderunt,
611 812 772 888 Antenor,
782 811 996 897 Polydamas,
1007 815 1133 887 AEneas
1142 815 1185 878 ad
1196 816 1269 878 Pri-

172 930 283 977 amum
294 914 442 977 veniunt.
470 912 584 996 Agunt
593 933 669 977 cum
682 932 735 991 eo,
750 920 787 979 ut
798 916 978 1003 concilium
993 922 1105 993 vocet,
1113 916 1155 979 de
1165 915 1270 981 fortn-
1344 902 1346 905 ⁵

172 1014 227 1077 nis
239 1015 309 1079 suis
322 1012 401 1098 qnid
414 1014 457 1077 sit
472 1013 672 1077 laciendum.
718 1014 874 1077 Priamus
890 1016 1069 1079 concilium
1080 1023 1268 1081 convocet:

173 1114 224 1178 illi
248 1116 502 1197 postulaverunt
526 1113 691 1198 loquendi
713 1113 909 1179 facultatem
923 1115 1017 1182 dari:
1035 1117 1135 1199 jubet
1158 1117 1270 1181 dicere

174 1232 235 1278 eos
250 1216 332 1299 qnid
347 1215 552 1279 desiderent.
594 1212 746 1278 Antenor
760 1222 1007 1293 commemorat,
1028 1215 1196 1299 principes
1211 1217 1270 1280 de·

45 1336 48 1342 ’
173 1314 326 1380 tonsores
350 1315 463 1399 'lhojae
490 1314 674 1380 Hectorem
698 1319 897 1399 ceterosque
912 1321 1013 1380 natos
1028 1316 1102 1399 ejus
1116 1334 1193 1380 cnm
1207 1316 1268 1380 ad·

173 1418 268 1481 venis
291 1417 487 1482 ductoribus
509 1416 701 1481 interlectos
722 1434 818 1496 esse;
839 1436 979 1499 magnos
1004 1417 1271 1500 fortissimosque

175 1517 288 1583 adhuc
304 1527 422 1583 eontra
442 1526 544 1594 stare,
571 1516 870 1599 Agamemnonem,
895 1517 1097 1593 Menelaum,
1122 1517 1273 1600 Neopto·

176 1619 312 1696 lemnm,
335 1637 399 1683 non
423 1620 531 1683 minus
548 1619 666 1683 fortem
682 1636 784 1703 quam
807 1606 995 1701 paterejus
1016 1618 1149 1695 fuisset,
1166 1617 1271 1702 Ulys-

176 1738 260 1797 sem,
287 1720 475 1798 Nestorem,
500 1717 708 1795 Diomedem,
734 1716 874 1802 Ajacem
893 1718 1050 1796 Locrum,
1070 1726 1270 1801 ceterosque

176 1820 402 1905 quamplures
423 1836 562 1883 summm
584 1816 782 1901 prudentiae.
826 1816 962 1896 Contra,
985 1819 1156 1903 Trojanos
1179 1818 1273 1883 clau-

176 1942 235 1987 sos
249 1928 284 1986 et
304 1922 466 1986 contritos
487 1939 574 1985 esse.
596 1920 743 1985 ‘Suadet
765 1921 889 2003 potius,
910 1928 948 1986 nt
975 1921 1135 1987 Idelena‘¹
1151 1923 1218 2001 his,
1240 1928 1275 1987 et

176 2042 253 2108 quae
268 2020 464 2086 Alexander
476 2020 616 2085 abstulit
630 2018 819 2098 reddantur,
833 2028 867 2086 et
880 2040 952 2105 pax
967 2022 1035 2088 liat
1087 2024 1271 2107 Postquam

176 2124 282 2187 mults
295 2122 401 2187 verba
422 2122 463 2186 de
485 2140 571 2204 pace
595 2122 806 2187 conciliendo
820 2124 992 2201 dixerunt,
1009 2125 1117 2206 surgit
1131 2123 1273 2207 Amphi-

178 2224 320 2291 machus
349 2223 440 2288 tilins
466 2223 618 2288 Priami·
641 2223 837 2289 adolescens
861 2224 1084 2289 fortissimus:
1107 2224 1271 2306 malisque

179 2327 292 2391 verbis
307 2324 441 2389 adortus
455 2331 508 2389 est
521 2323 731 2403 Antenorem,
754 2330 789 2389 et
803 2345 863 2389 eos
877 2326 935 2409 qui
952 2329 1202 2400 consenserant,
1224 2324 1274 2386 in-

179 2424 336 2512 crepare,f
346 2427 504 2510 factaque
518 2446 629 2491 eorum
641 2427 756 2511 caepit,
771 2433 806 2492 et
819 2427 956 2492 suadere
970 2426 1084 2512 potins
1100 2424 1275 2490 exercitu⁸

178 2527 394 2612 irruptionem
410 2528 446 2590 in
461 2535 575 2592 eastra
596 2528 714 2605 secero,
727 2548 831 2612 usque
843 2528 922 2592 dum
937 2529 1102 2605 vineant·
1120 2533 1178 2591 aut
1190 2525 1274 2590 vieti

179 2647 242 2709 pro
255 2629 367 2710 patria
382 2627 593 2692 occumbant.
621 2627 809 2710 Postquam
821 2628 853 2691 is
863 2629 962 2691 finem
971 2627 1065 2705 fecit,
1076 2629 1205 2691 AEneas
1215 2645 1275 2690 ex·

181 2729 297 2810 surgit,
312 2728 442 2793 lenibus
458 2727 666 2810 milibusque
683 2728 793 2792 verbis
808 2729 939 2805 refutat,
955 2747 1075 2811 pacem
1086 2729 1130 2792 ab
1139 2727 1275 2807 Argivis

180 2831 254 2913 peti
280 2827 505 2912 n'rngnopere⁴
533 2827 661 2894 suadet.
718 2828 801 2912 [38]
823 2831 1009 2913 Postquam
1036 2828 1113 2893 finis
1139 2825 1273 2891 dicendi

635 2989 800 3025 Oluufml
804 2991 818 3010 Ι

215 3102 230 3131 “
249 3101 325 3166 Usque
335 3118 358 3152 o.
370 3101 518 3167 Delon-d
534 3103 625 3166 Meg-no
636 3117 706 3167 opere
718 3104 816 3170 Delph.

674 3265 785 3316 Nom

215 3359 416 3410 ‘Penthesileam
434 3359 570 3422 eltnerrot]
594 3359 645 3410 ded
665 3361 709 3410 alii
748 3361 1164 3424 Ἕλίιφδόμυωευθΰηικλᾶᾳ.
1177 3361 1186 3391 ‘
1197 3363 1277 3413 Filios

182 3451 272 3488 omnes
286 3451 341 3486 eum
359 3437 392 3486 nh
411 3437 511 3486 Achille
539 3435 649 3486 ceriam
671 3437 710 3486 dl·
750 3437 897 3489 Anttmeehi
924 3439 1058 3502 rapientis,
1094 3439 1139 3504 qul
1165 3441 1276 3491 maxime

183 3521 256 3564 eunt.
287 3513 352 3562 Vlde
364 3512 432 3576 epod
445 3513 551 3576 Dicryn.
751 3513 850 3564 Aurum
859 3513 1002 3564 Alexandri
1013 3513 1129 3578 capiens,
1139 3513 1277 3578 splendide

215 3589 230 3624 ¹
243 3587 333 3638 aare
342 3587 420 3650 potira
429 3593 456 3636 rt
464 3588 565 3645 Heleno,
573 3588 627 3652 dm]
645 3585 711 3636 Vide
750 3589 828 3650 done,
836 3590 897 3639 Non
906 3589 1071 3652 permittrbet
1082 3589 1210 3640 Helenam
1218 3590 1277 3640 red·

183 3665 253 3730 opud
266 3663 372 3726 Dietyn.
751 3664 814 3714 ders
826 3661 884 3714 rnt'o
893 3665 1033 3715 Menetno!

216 3747 229 3773 θ
244 3737 710 3802 sagtrsnptimtofltinm]
782 3738 840 3790 ‘lit
858 3756 897 3790 eos
913 3742 955 3803 qui
970 3739 1279 3802 committerem]

183 3813 286 3864 ratium
308 3818 359 3875 est,
380 3809 592 3874 Amplnmeehum
614 3813 712 3862 Prisrni
752 3813 886 3864 Hicloeos
902 3814 1162 3876 itndistingncndnr:
1187 3813 1278 3861 ‘ador-

184 3889 266 3940 tilium
292 3887 380 3938 seim.
419 3885 472 3936 Sed
492 3887 577 3936 locum
603 3885 711 3935 Homeri
750 3895 793 3937 tm
803 3895 845 3936 ert
854 3888 1011 3936 Antenorem
1022 3894 1050 3935 et
1060 3899 1105 3935 eos
1117 3887 1159 3949 qui
1171 3899 1278 3935 sonmo·

184 3967 253 4017 rank
263 3962 711 4030 murmurandum-ponte
753 3966 850 4020 serant,
877 3961 1013 4024 increpare
1040 3957 1162 4022 fretaque
1189 3972 1278 4009 eornm

185 4057 233 4093 sne
249 4041 410 4092 immutuit:
427 4037 713 4100 ritm’nnmdxoutet-
754 4034 853 4100 eupit?
933 4097 935 4100 Α
1014 4103 1019 4109 ⁴
1136 4105 1139 4108 ἢ

119 4103 125 4110 ’
188 4115 478 4180 ,pileolum
495 4113 589 4176 sano
605 4111 713 4174 mem
786 4107 943 4172 tremas]
966 4101 1138 4172 raum-pre,
1154 4109 1279 4159 mae.

188 4195 249 4256 θροιο
259 4190 492 4258 denudandam
499 4187 714 4254 Nemoturicae(
754 4185 807 4238 ned
817 4186 920 4248 melior,
930 4185 1116 4250 ‘irruptionem
1133 4183 1218 4236 tmere
1234 4199 1278 4234 er·
