2959 4875
223 341 289 409 228
574 353 734 405 orcrros
758 350 965 402 censensus

226 499 319 575 bont,
340 494 471 578 genitus
492 491 622 559 Achille
644 513 690 559 ex
713 491 892 559 Deidamia
912 490 1138 575 laycomedis,⁸
1159 508 1319 574 supervo·

225 594 346 675 niens,b
359 594 494 661 offendit
508 596 671 661 tumulum
687 601 892 660 exstructum
902 595 975 677 jorn
989 600 1142 677 exparte
1155 594 1319 657 maximat·

226 698 314 763 Dein
329 704 544 782 percontatus
557 699 684 763 exitum
698 704 846 781 peternto
859 695 990 770 mortis,
1005 693 1205 776 doctusque,
1222 692 1314 775 Myr·

225 797 390 872 midonus,
414 804 543 880 gentem
559 797 774 862 fortissimam
787 802 822 860 et
834 794 994 879 inclytam
1017 793 1190 871 bellandi,e
1211 792 1313 857 armis

226 903 323 981 atquo
337 898 455 961 animis
470 895 665 977 confirmat;
687 897 912 980 impositoque
925 894 1079 959 iaciendo
1096 896 1189 978 operi
1211 894 1315 958 Pboo-

224 997 326 1075 nice‚⁸
347 997 390 1063 ad
416 1016 520 1061 naves
546 1002 645 1079 atque
667 998 711 1061 ed
734 999 875 1062 tentorio
897 996 1042 1079 parentis
1053 995 1245 1061 contendit:
1266 995 1314 1059 ibi

226 1095 400 1163 custodem
411 1116 517 1161 reram
530 1095 668 1161 Achillis
679 1096 942 1181 Hippodamiam
954 1097 1188 1161 animadvertit.
1210 1096 1317 1160 Mox·

226 1218 292 1283 que
306 1198 452 1263 adventu
466 1197 540 1280 ojus
556 1198 703 1279 cognitos
718 1198 751 1261 in
765 1197 904 1261 eundem
918 1197 1028 1261 locum
1044 1217 1066 1260 a
1078 1197 1208 1261 cunctis
1222 1195 1317 1260 duci·

224 1301 289 1365 bns
304 1297 527 1363 concurritur:
549 1296 648 1380 bique
664 1296 711 1360 nti
728 1296 872 1361 animum
887 1316 1020 1378 aequum
1034 1296 1180 1374 baberet,
1199 1297 1316 1380 depre-

225 1405 351 1465 cantur.
397 1397 483 1477 Quis
498 1398 640 1479 benigne
655 1397 872 1480 respondens,
893 1416 956 1462 nec
971 1398 1037 1461 sibi
1058 1399 1108 1463 eit
1128 1400 1314 1481 ignoratum

224 1519 312 1578 osso,
322 1500 445 1575 omnis,
456 1518 531 1583 quse
542 1498 704 1563 divinitus
715 1498 905 1577 confierent,
913 1498 991 1563 forti
1000 1507 1135 1582 pectore
1145 1500 1314 1583 potiendo,

224 1619 332 1685 noque
361 1600 518 1684 cuiqnam
547 1618 647 1684 snper
673 1599 778 1665 sutum
804 1598 937 1664 vivendi
965 1618 1164 1665 concessam
1188 1601 1314 1682 legem:

225 1707 355 1786 turpem
377 1720 522 1785 numque
542 1720 583 1765 oc
604 1699 830 1765 detestandam
845 1700 927 1763 viria
941 1700 1079 1764 fortibus
1094 1697 1315 1765 conditionem

226 1808 389 1881 senectam
410 1808 526 1866 contra
549 1800 737 1866 imbellibus
760 1801 948 1884 optabilem.
1000 1800 1156 1865 oetemm
1183 1802 1248 1865 sibi
1273 1820 1316 1865 eo

224 1902 383 1967 leviorem
397 1902 544 1967 dolorem
564 1920 653 1978 esse,
675 1901 766 1986 quod
791 1920 858 1965 non
881 1901 917 1965 in
938 1901 1128 1976 certamine,
1152 1920 1259 1986 neque
1279 1903 1316 1967 in

224 2000 303 2065 lnce
326 1999 428 2067 bellid
453 2001 603 2067 Achilles
626 2002 817 2067 interlectos
838 2008 941 2077 esset,
967 2020 1035 2083 quo
1059 2001 1227 2065 iorticrem
1252 2010 1314 2065 ne⁸

226 2107 361 2185 optasse
387 2101 519 2185 quidem
538 2120 726 2185 quenquam
748 2103 897 2166 existere
922 2120 1021 2179 nunc,
1043 2102 1097 2167 vel
1119 2102 1153 2167 in
1177 2110 1317 2186 prseter-

225 2204 319 2282 itnm,
342 2211 487 2286 excepto
508 2222 576 2266 uno
598 2202 658 2267 illo
684 2200 855 2267 Herone:
907 2199 1014 2266 Addit
1036 2208 1195 2285 prseteres
1208 2203 1317 2267 solum

225 2302 334 2369 virum
357 2303 492 2385 dignum
513 2321 554 2367 ea
575 2308 785 2385 tempestate,
807 2303 872 2366 sub
886 2302 983 2386 cujus
997 2304 1150 2366 menibus
1163 2302 1317 2369 exscindi

225 2402 361 2488 Troiam
374 2402 525 2470 decoret:
546 2422 653 2488 neque
668 2410 780 2469 tamen
801 2404 955 2482 abnuere,
975 2401 1066 2485 qnod
1087 2403 1327 2487 imperfectum.

226 2523 247 2568 a
261 2511 354 2586 petre
368 2505 517 2570 relictum
531 2512 629 2583 esset,
646 2525 668 2570 a
681 2525 718 2570 se
732 2514 834 2588 etque
848 2526 870 2569 o
883 2505 1175 2574 circumstantibus
1186 2504 1316 2586 pertici.

226 2602 309 2686 [ld]
332 2603 514 2689 Postquam
538 2604 639 2670 tinem
665 2607 826 2690 loquendi
845 2607 940 2683 fecit,
961 2607 995 2670 in
1017 2606 1206 2689 proximum
1226 2605 1316 2670 diem

226 2711 392 2771 certamen
413 2707 683 2789 pronuntiatum:
705 2706 808 2772 duces
829 2727 955 2782 omnes,
977 2706 1034 2770 ubi
1056 2715 1186 2790 tempus
1206 2707 1316 2772 visum

226 2812 289 2882 est,
311 2806 413 2870 sclito
430 2806 474 2870 sd
490 2805 770 2888 Agamemnonem
785 2815 954 2872 coenatum
968 2809 1120 2871 veniunt:
1142 2807 1322 2891 inquibus

102 2927 111 2938 ·
226 2902 319 2988 Ajex
333 2925 408 2970 cnm
428 2905 661 2990 Neoptolemo,
688 2906 882 2985 Diomedes,
904 2907 1057 2990 Ulysses,
1070 2913 1104 2971 et
1118 2907 1296 2973 Menelaus
1304 2928 1322 2974 τ’

225 3003 328 3088 bique
343 3007 477 3071 intereo
495 3007 637 3071 eundem
661 3005 791 3074 locum‘
808 3009 962 3074 coensndi
985 3009 1133 3091 cupiunt.
1178 3008 1315 3075 Interim

713 3221 823 3274 NOTAE

227 3353 279 3402 itm
292 3350 507 3413 missus‚nsnsris
515 3350 693 3402 duodecimum
705 3366 750 3401 sn·
789 3365 848 3402 eom
869 3365 918 3416 ego
938 3352 965 3401 is
992 3350 1122 3416 protoads
1141 3352 1200 3401 ossi
1222 3354 1317 3417 :cosli

226 3441 287 3478 num
299 3427 431 3490 sttisserst.
790 3426 895 3476 Addosi
913 3442 946 3478 ex
965 3426 1048 3492 Scyro
1065 3426 1098 3474 sd
1118 3427 1182 3475 bsoe
1201 3435 1316 3478 srmstos

259 3510 272 3536 ⁸
284 3501 567 3566 Deidnsislqcssscds‘s]
583 3501 751 3565 Lycomedes,
790 3502 914 3553 ornem:
951 3502 1091 3566 topooeter
1111 3501 1138 3550 in
1158 3500 1316 3560 Pbiloctsts,

227 3591 272 3626 ros
282 3576 357 3639 scyri
369 3576 476 3626 insulsi:
494 3577 526 3625 sd
539 3589 596 3624 aum
613 3577 725 3626 Achillas
736 3591 752 3625 s
791 3578 865 3627 sddit
876 3579 1034 3628 Pboenicem.

227 3656 310 3700 matrs
322 3649 413 3698 missus
433 3656 470 3706 ut.
487 3650 554 3698 inter
571 3648 752 3712 ojusfillssls·
829 3653 973 3717 ‘inclytas
998 3651 1111 3715 bellasds]
1142 3652 1315 3718 Subsuditor,

227 3733 293 3786 tens,
304 3723 416 3786 'l'rojsnc
428 3722 497 3773 bello
508 3736 558 3772 coc
570 3724 717 3773 interesset.
790 3728 881 3777 ‘arte’
898 3729 939 3778 rel
953 3727 1058 3777 ‘tama’
1313 3755 1317 3760 ’

266 3797 478 3861 ismeniam]
506 3798 543 3848 At
564 3797 692 3848 Homerus
712 3801 751 3850 sit
820 3800 1016 3865 tinnulos]
1032 3802 1236 3868 Elegantissime.

227 3877 342 3940 Ulyssem
358 3877 466 3940 Scyrum
484 3875 592 3926 insulsus
609 3877 750 3940 culpasse,
821 3885 833 3911 ²
851 3878 903 3927 Utro
913 3879 954 3928 iilo
966 3877 1080 3941 diensis]
1104 3877 1157 3927 ilic
1171 3891 1221 3926 ros
1238 3877 1315 3929 ‘illc'¹

227 3950 616 4019 usiadel’yrrbnmsddnceret.
631 3951 749 4002 Sicenint
789 3954 906 4004 msximae
922 3955 1090 4017 cnspbsseos5
1106 3952 1134 4001 id
1150 3959 1200 4013 est,
1218 3954 1315 4005 ‘nobi-

228 4027 296 4091 spod
308 4041 366 4078 enm
375 4027 482 4092 Ulysses
493 4043 500 4077 r
511 4029 587 4078 sbrie
597 4027 644 4091 γάρ
651 4047 691 4088 μιν
702 4029 750 4090 ὴὲ
789 4027 901 4078 lissimc.'

228 4101 750 4166 conseranensem-essessa
820 4079 1316 4166 ‘emmerammenses'
1444 4151 1449 4161 ,

226 4177 277 4239 μη)
293 4176 427 4238 Muscas
443 4178 560 4241 Ἀχαιῶν.
583 4179 662 4243 ‘lpse
681 4177 749 4230 enim
789 4177 1059 4229 sodlciteosesodem
1066 4177 1181 4228 ordinem
1188 4179 1313 4241 tenuisse,
1335 4256 1339 4262 Δ
