2959 4875
521 354 642 403 scurra
664 356 814 405 ruerus.
1168 349 1210 415 ει

161 500 204 565 Ιιι
223 500 314 564 bisce
333 518 414 564 vern
436 501 647 581 agitabantur
667 524 732 569 non
755 510 883 571 tantum
898 507 1078 590 quadrigae.
1121 512 1208 578 Stst.

120 618 201 665 vur.
227 601 333 665 Theb.
356 600 435 666 870.
461 621 575 667 verum
599 611 633 669 et
664 606 762 687 bigae.
789 606 891 672 Hom.
914 606 1010 673 Illud.
1032 609 1068 685 ψ.
1120 612 1208 690 Qum

120 708 311 784 spectantur
325 702 359 766 in
374 704 525 784 pluribus
541 704 727 781 Siculorum
746 713 848 789 atquc
865 704 1058 774 Graecornm
1077 712 1209 779 Numis-

120 804 266 867 mstibns
291 799 383 885 spud
406 803 588 883 Goltuium,
610 806 780 883 Parutam,
803 806 1077 888 Volkhumerum,
1102 812 1208 894 Bege-

121 921 203 978 rum,
217 905 278 965 bc.
353 976 357 991 ¹
491 968 494 971 ,

162 1000 231 1066 Has
257 1006 367 1065 sutem
394 1001 483 1083 bigae
518 1004 608 1087 apud
635 1004 773 1069 citatum
809 1005 993 1088 Goltuium,
1016 1010 1125 1075 Grac.
1155 1012 1207 1079 3⁰.

120 1102 204 1166 Tab.
228 1095 265 1165 in
287 1097 441 1186 Philippi
468 1105 554 1184 regis
580 1102 737 1167 Nummo.
780 1102 917 1189 Quippe
936 1108 991 1175 hic
1012 1128 1079 1174 nnn
1101 1112 1207 1176 solnm

121 1220 211 1284 saepe
224 1202 262 1265 in
286 1200 478 1285 olympicis
507 1203 600 1281 uicit,
614 1203 852 1286 quadrigarum
873 1204 1091 1293 bigarumque
1106 1210 1207 1275 curri·

121 1301 207 1377 culo,
227 1300 371 1385 (lustin.
387 1317 462 1365 ιιι.
477 1300 549 1385 16.)
562 1321 674 1368 verum
688 1303 790 1368 etism
806 1306 944 1381 cnmles,
955 1307 1207 1393 Olympicomm

120 1402 276 1466 victorine
298 1400 569 1467 Numismntibns
598 1404 755 1486 insignire
776 1411 828 1471 est
851 1405 984 1486 solitus,
1011 1415 1096 1475 teste
1126 1408 1207 1474 Plu-

14 1489 15 1536 Ῡ
119 1501 240 1564 tarcbn.

159 1597 329 1663 Indorum
361 1599 503 1683 denique
532 1601 782 1686 Olympicnmur
827 1606 989 1669 curalium
1030 1608 1206 1675 meminere

118 1698 241 1865 {1803
258 1713 283 1765 ι.
305 1699 372 1765 Od.
385 1701 417 1763 l.
430 1701 462 1765 3.
477 1700 614 1767 Pindur.
630 1702 764 1787 Olymp.
776 1704 808 1769 2.
824 1704 888 1769 (ld.
902 1703 996 1788 Virg-
1012 1721 1068 1770 ιιι.
1083 1705 1206 1789 Georg.

396 2040 621 2118 TABULA
673 2042 916 2135 QUARTA.

492 2260 605 2328 x1x.
648 2211 837 2327 urnnn.

318 2412 400 2477 Lm.
422 2427 474 2477 ιν.
497 2411 591 2518 Οιι.
610 2412 663 2477 19.
686 2411 745 2478 nbi
759 2409 803 2476 de
818 2410 1015 2478 Philocteta

140 2588 301 2676 ‘Quippe
316 2590 481 2656 Herculis
494 2597 641 2654 armatus
656 2590 799 2672 sagittis,
813 2609 890 2673 quae
905 2590 1038 2656 inlectae
1055 2591 1184 2676 Hydrae

244 2695 404 2776 sunguine
420 2691 508 2756 baud
522 2691 594 2754 sine
606 2690 714 2756 exitio
730 2691 862 2774 corpori
875 2689 1078 2772 figebantur!

158 2825 425 2890 laruulabnres
438 2827 510 2891 siue
520 2826 700 2891 eertsmins
709 2824 868 2890 Herculis
876 2826 1060 2910 praesertim
1073 2823 1207 2888 emicuit

121 2945 186 2990 nex
195 2925 338 3008 Hydrus.
360 2916 442 2990 Erat
455 2931 565 2991 autem
578 2945 729 3009 serpens,
744 2925 788 2990 ud
798 2925 917 2991 Iaernoe
930 2927 1043 2992 lacurn
1058 2926 1092 2990 iu
1100 2922 1207 3007 Argia

119 3025 345 3110 Peloponnesi
359 3028 494 3110 regione
508 3026 717 3102 delitescens,
732 3026 973 3108 quinquaginta
985 3027 1148 3110 cupitum,
1160 3041 1205 3089 ex

118 3129 239 3209 quibus
254 3147 322 3191 nno
338 3133 526 3210 amputato,
539 3145 621 3190 mox
642 3125 712 3190 alia
732 3123 801 3190 dun
823 3126 1080 3209 repullulabunt.
1103 3124 1205 3188 ovid.

119 3242 174 3292 rx.
185 3227 326 3293 Metam·
337 3228 412 3292 198.
420 3226 618 3310 Apollndur.
632 3242 671 3291 ιι.
715 3225 941 3304 Quamobrem
955 3244 1020 3291 uon
1035 3227 1133 3292 clara
1144 3224 1205 3287 sed

117 3328 251 3409 ignibus
278 3329 366 3392 bunc
387 3329 528 3393 bestium
550 3329 664 3410 tollere
684 3328 861 3409 cogebatur
887 3326 1064 3392 Hercules.
1106 3323 1204 3388 Unde
1341 3409 1350 3422 ἱ

118 3429 262 3505 Seneca,
277 3432 313 3493 in
327 3429 375 3493 Η.
388 3429 527 3494 Furent.
541 3429 617 3493 241.

201 3527 320 3607 Quidl
342 3549 437 3599 sarrs
451 3532 571 3594 Lernae
586 3534 745 3607 monstra,
759 3518 972 3594 numerosum
982 3527 1118 3604 mulum,

202 3630 286 3697 Non
299 3631 519 3721 ignedemam
532 3630 613 3695 vicit
626 3637 660 3695 et
673 3629 793 3718 docuit
805 3629 913 3694 morll

118 3730 305 3796 Videantur
325 3737 358 3794 et
378 3727 546 3806 Albricus,
570 3729 612 3793 ds
631 3730 729 3793 Deor.
758 3729 897 3810 lmagin.
912 3736 946 3793 at
972 3728 1113 3793 Ptolem.
1130 3728 1200 3793 He-

119 3832 271 3913 plraestio,
294 3832 386 3916 apnd
410 3832 585 3898 antinm:
608 3831 667 3914 qui
688 3849 790 3896 aurea
811 3848 856 3894 ex
876 3835 970 3913 purte
991 3832 1108 3913 capita
1128 3828 1206 3894 buic

120 3932 218 3999 inisse
232 3931 348 3997 refert.
1022 3947 1027 3956 ·

159 4034 296 4098 Interim
310 4032 454 4109 Iolcum,
467 4033 586 4117 Iplricli
600 4034 719 4110 filium,
734 4030 872 4096 Herculi
881 4029 1043 4094 laboranti
1059 4027 1205 4106 affuisse,

120 4139 153 4197 et
177 4134 313 4199 admota
339 4132 415 4198 luce
438 4138 607 4198 truncatas
629 4133 780 4198 cervices
806 4129 984 4208 adussisse,
1010 4129 1204 4214 priusquam

180 4248 300 4314 nepas
313 4249 372 4301 ra.
386 4249 451 4299 car.
601 4247 669 4298 nar.
683 4248 750 4296 cm.
1120 4245 1142 4296 r
