2959 4875
414 404 462 452 DE
488 403 607 452 BELLO
631 403 804 453 TROJANO
830 403 902 451 bttt.
924 405 949 452 l.

135 543 323 610 Emeruisse
336 545 432 623 velit,
447 551 484 608 nt
496 565 554 628 per
568 551 620 609 tot
633 563 746 628 regna,
761 551 812 610 tut
824 548 936 623 urbes,

135 645 247 710 Exeat
263 665 435 728 aequoreas
449 647 581 710 tandem
598 645 770 729 Trojanus
784 647 821 708 in
833 647 960 711 undas:

135 748 292 831 Dumque
306 747 474 810 indefesso
488 748 624 811 miratur
640 746 803 830 Pergama
819 748 894 812 visu

135 847 324 930 Lapsurum
340 847 519 929 suspendit
533 848 606 924 iter,
620 847 826 930 fluviumque
842 855 989 911 moratur

135 947 287 1024 Tardior,
303 955 335 1012 et
351 955 456 1012 totum
473 948 651 1030 complecti
665 948 809 1012 destinat
821 949 957 1012 urbem:

137 1048 317 1131 Suspensis
331 1049 478 1111 infensus
494 1048 593 1130 aquis
609 1047 789 1111 violentior
801 1047 908 1110 instat

136 1147 274 1223 Nereus
288 1154 391 1232 atque
408 1167 537 1212 amnem
553 1167 674 1230 cogens
689 1147 874 1230 proculire
889 1150 1060 1226 minorem,

135 1248 314 1313 Proximus
329 1248 462 1312 accedit
476 1249 570 1313 urbi:
593 1248 793 1313 contendere
808 1249 928 1314 credas

137 1345 224 1426 Quis
239 1353 396 1432 propior:
418 1351 468 1412 sic
482 1349 616 1412 alterius
632 1333 838 1414 concurritur
850 1350 962 1426 undis,

136 1445 194 1520 Sic
209 1449 351 1512 crebras
361 1449 480 1514 iterant
496 1469 607 1525 voces,
622 1449 673 1513 sic
684 1449 798 1531 jurgia
813 1452 964 1516 miscent.

179 1548 335 1632 Undique
350 1551 468 1615 siderei
484 1551 643 1634 majestas
659 1551 793 1614 conflua
805 1552 921 1616 mundi

135 1647 275 1714 Iliacum
288 1651 420 1732 dignata
435 1651 558 1728 solum,
569 1653 662 1736 juga,
678 1653 816 1728 muenia,
830 1657 969 1734 pontum

134 1749 258 1827 Vestit‚
272 1757 304 1814 et
318 1753 468 1816 astrifero
484 1752 543 1816 dat
558 1753 777 1835 respiramina
792 1753 892 1816 collo.

135 1850 253 1915 Idaeus
270 1850 398 1935 Cybele
413 1854 515 1917 colles
531 1853 624 1929 colit,
640 1855 717 1937 ipsa
731 1854 885 1935 superbis

136 1951 327 2034 Regnatura
337 1953 441 2036 jugis,
457 1951 606 2036 reliquus
620 1954 694 2030 tibi,
711 1955 821 2029 Delia,
838 1955 947 2020 saltus

137 2051 264 2130 Donat,
279 2061 314 2116 et
329 2053 432 2118 Idaeis
448 2059 567 2136 pensat
581 2055 755 2120 veuatibus
770 2057 896 2120 urbmm

137 2153 359 2237 Pampiueum
375 2162 419 2230 te,
435 2155 580 2232 Bacche,
595 2175 724 2234 nemus,
742 2165 775 2221 te
791 2161 904 2242 spicea
918 2161 1019 2241 cingit

137 2252 256 2337 Sylva,
272 2256 388 2336 Ceres,
404 2255 582 2340 Neptunus
598 2277 717 2341 aquas,
732 2258 868 2324 navalia
883 2259 1048 2337 Phoebus,
1166 2261 1231 2326 535

139 2351 244 2422 Arcas
258 2356 376 2424 Pallas
390 2358 500 2435 habet,
516 2365 552 2421 et
566 2357 703 2422 habetur
716 2358 861 2426 Pallade
875 2359 993 2428 satum.

633 2539 741 2591 Nora:

168 2656 217 2701 atu
232 2652 539 2713 Eaeutoequereuatuadem
550 2651 666 2710 l'rrjuarm
706 2651 799 2717 byeum
816 2650 890 2714 iacit,
907 2667 932 2715 p.
949 2656 1008 2704 att.
1034 2652 1160 2724 &uadem
1176 2652 1231 2703 iere

135 2724 256 2787 inundes]
273 2724 388 2773 Similem
404 2723 538 2773 fluviorum
549 2725 666 2774 ambitio·
706 2727 844 2776 sententiaa
855 2735 896 2777 est
915 2726 978 2775 illud
995 2722 1102 2777 Pet‘rnu.
1120 2728 1232 2779 Arbitrlr

136 2818 194 2851 nem
215 2802 274 2850 vide
294 2802 319 2849 iu
343 2802 454 2849 Mesena
475 2800 581 2851 Auanuii
606 2804 665 2851 858.
706 2798 812 2850 ‘Sentit
823 2809 894 2851 terra
906 2802 981 2863 Deua,
990 2804 1234 2876 mutataqueaideru

135 2881 194 2927 295.
214 2878 356 2941 Sequentia
369 2891 418 2926 non
431 2877 557 2927 abludunt
568 2877 600 2926 ab
616 2876 666 2925 illia
707 2876 807 2938 ptndna
833 2878 984 2928 Queaivere
1004 2892 1094 2927 auum:
1123 2893 1233 2943 namque

137 2954 282 3013 Claudiani,
292 2952 324 3001 de
336 2958 360 3003 6.
371 2953 449 3003 Cena.
458 2952 577 3010 llcnorii,
594 2952 666 3003 ‘Au-
707 2953 789 3001 omniu
806 2952 876 3014 regia
895 2953 954 3024 creti
974 2953 1005 3003 lu
1023 2961 1109 3016 partes
1121 2953 1235 3003 deducta

138 3044 202 3079 vena
215 3028 335 3089 Nereua‚’
344 3032 394 3077 &a
705 3024 775 3076 init'
790 3026 914 3091 Papinius
925 3028 1013 3090 etiam,
1024 3030 1233 3093 ‘proclamatque

169 3109 218 3155 ⁵³⁰
229 3104 351 3165 „inrisere
367 3106 409 3152 dut
425 3103 581 3167 respiramina
598 3103 667 3166 cello]
707 3103 774 3153 edici
786 3103 930 3154 cervicibus
943 3104 1035 3155 Atlas!
1060 3105 1126 3155 Vide
1136 3106 1234 3155 Maura.

130 3174 263 3239 'Atlantia
275 3179 318 3243 qui
331 3178 427 3229 tibicen
445 3187 473 3229 et
494 3179 595 3228 destina
606 3176 665 3227 eceli
707 3178 797 3227 Critie.
811 3178 845 3227 ad
862 3179 961 3229 Aineia.
971 3193 1004 3229 ιι,
1022 3183 1061 3227 lt.
1085 3179 1163 3229 Piailn
1174 3192 1234 3228 reru

137 3254 259 3317 lingitur:
273 3254 329 3303 ride
339 3254 457 3318 Apellen
470 3267 501 3303 ιι.
519 3253 666 3303 Bitlntlree.
708 3266 769 3301 vere
779 3252 864 3302 dixit:
877 3251 945 3303 emta
955 3242 1037 3303 reia'tr
1047 3252 1115 3302 dame
1125 3252 1235 3317 eperum

137 3334 193 3381 1⁰⁵.
219 3328 319 3380 Aruob.
341 3343 373 3379 ιι.
400 3329 532 3381 ‘eraudo
554 3328 666 3377 siderum
708 3326 1235 3391 eiras,bardeedupoadxtapepririexiruae.

137 3414 232 3468 mutua,
241 3413 284 3454 aut
294 3404 496 3467 ratiocoepteeat
505 3401 668 3466 genethliaca
708 3404 750 3454 De
761 3404 842 3468 plaut.
854 3408 909 3453 lus.

138 3478 216 3532 seiri?
241 3480 670 3543 NoupoatTlreutiuAEgyptium,
739 3484 790 3529 6⁸6
802 3481 839 3529 Et
848 3480 947 3529 indetur
958 3479 1155 3551 Palladesntrua]
1173 3482 1236 3532 Pal·

139 3565 185 3608 aut
198 3562 255 3620 port
265 3556 406 3618 Atlantem,
415 3563 445 3605 ut
455 3555 557 3619 quidem
569 3552 667 3614 serrant,
708 3553 816 3615 ludium,
827 3554 859 3603 de
869 3569 919 3617 qun
929 3553 987 3603 fuae
996 3555 1095 3603 Meum.
1106 3554 1138 3603 ad
1152 3557 1235 3619 Lyce·

140 3640 308 3699 gestatorem,
325 3631 446 3695 bajulum,
455 3632 586 3681 tibicinem
595 3630 667 3679 illum
709 3629 800 3691 pirron.
812 3644 869 3691 pap.
881 3633 938 3678 tlt.
954 3629 1075 3692 Aponon.
1094 3644 1139 3679 ιιι.
1156 3631 1236 3681 Orid.

140 3722 172 3757 ae
184 3706 311 3756 destinam
323 3704 398 3754 meli!
430 3706 517 3755 Simile
535 3705 667 3768 egregium
709 3716 749 3752 vr.
762 3703 833 3754 Fam.
857 3703 1021 3754 llerodianna
1031 3706 1097 3752 cralo
1108 3706 1236 3755 decidium

139 3782 200 3831 irinc
212 3780 337 3830 detumuit
347 3778 437 3828 Claud.
451 3779 491 3828 De
503 3780 571 3829 land.
585 3780 669 3829 Stilie.
709 3778 735 3826 id
748 3778 793 3839 ait,
810 3791 830 3827 1.
854 3778 921 3827 Inde
938 3776 1053 3840 Phrygio
1068 3792 1131 3839 apro
1150 3779 1236 3829 Perai-

141 3873 162 3909 ι.
175 3863 229 3909 lla.
247 3856 319 3919 llyp.
336 3853 390 3905 sab.
401 3859 456 3904 1⁵⁰.
482 3854 668 3917 ‘Atlantiqui
709 3854 798 3902 nuntia
816 3866 918 3902 nomeu.
956 3852 1065 3914 Dionys.
1086 3852 1173 3901 Halia.
1197 3868 1237 3905 vt.

143 3934 196 3984 dux
206 3934 326 3983 Titanum
338 3929 397 3985 suit,
406 3929 513 3993 Jupiter
523 3930 579 3978 eoell
591 3928 669 3977 tomi·
710 3930 816 3979 Sorrina
832 3941 876 3976 ιιι.
896 3933 924 3976 et
941 3940 967 3974 r.
979 3924 1035 3976 AEu.
1046 3925 1198 3982 Pausaniae,
1209 3930 1236 3977 in

143 4024 198 4059 cem
220 4022 298 4071 super
320 4007 438 4055 hirmema
463 4003 598 4067 impuauit:
627 4004 671 4066 qui
710 4002 889 4064 Corinthiacis,
899 4000 1009 4060 Argiam
1019 4000 1087 4049 illius
1098 4000 1237 4061 Δγόλμπω

144 4078 669 4134 adhnedieiturcnelumapstinere!lluue
710 4078 897 4142 puaaeaainnem
918 4074 966 4123 aibi
991 4086 1125 4137 arrogares
1147 4077 1235 4130 refert.

144 4160 225 4211 Clem.
237 4161 312 4208 Alea.
326 4172 343 4207 ι.
353 4158 472 4207 stromat.
484 4156 598 4219 Phryga,
606 4155 670 4204 alte·
709 4160 752 4205 cu.
778 4153 830 4202 Alii
846 4152 958 4201 Neptem
970 4148 1236 4203 AEneeaeemmittud

147 4250 212 4295 rum,
221 4237 360 4297 qrriepcnm
369 4235 425 4282 veie
431 4231 622 4295 δνινιηήσιτο,
631 4232 671 4279 Li·
710 4232 736 4278 tn
749 4229 850 4281 ltaliam
862 4235 1007 4291 mpertaaae
1019 4228 1115 4277 vetunt.
1133 4230 1236 4279 Salvum

210 4314 297 4377 Delpir.
308 4319 332 4363 et
343 4314 398 4361 Vur.
408 4314 476 4363 ctae.
593 4312 660 4363 Dici.
674 4311 739 4359 Cret.
748 4312 790 4372 ξι.
1118 4314 1134 4359 2
1150 4309 1172 4359 C
